%% This BibTeX bibliography file was created using BibDesk.
%% https://bibdesk.sourceforge.io/

%% Created for Dominique Fober at 2020-06-03 18:33:12 +0200 


%% Saved with string encoding Unicode (UTF-8) 



@inproceedings{Zagorac_tenor2018,
	Address = {Montreal, Canada},
	Author = {Slavko Zagorac and Patricia Alessandrini},
	Booktitle = {Proceedings of the International Conference on Technologies for Music Notation and Representation -- TENOR'18},
	Date-Added = {2020-10-05 15:44:22 +0200},
	Date-Modified = {2020-10-05 15:44:22 +0200},
	Editor = {Sandeep Bhagwati and Jean Bresson},
	Isbn = {978-1-5251-0551-7},
	Pages = {62--70},
	Publisher = {Concordia University},
	Title = {ZScore: A Distributed System For Integrated Mixed Music Composition and Performance},
	Year = {2018}}
	
@inproceedings{fober:hal-02368958,
	Address = {Marseille, France},
	Author = {Fober, Dominique and Orlarey, Y and Letz, S and Michon, R.},
	Booktitle = {{International Symposium on Computer Music Multidisciplinary Research}},
	Date-Added = {2020-06-03 17:42:59 +0200},
	Date-Modified = {2020-06-03 17:42:59 +0200},
	Hal_Id = {hal-02368958},
	Hal_Version = {v1},
	Month = Oct,
	Pdf = {https://hal.archives-ouvertes.fr/hal-02368958/file/inscore-lang-cmmr.pdf},
	Title = {{A Tree Based Language for Music Score Description.}},
	Url = {https://hal.archives-ouvertes.fr/hal-02368958},
	Year = {2019},
	Bdsk-Url-1 = {https://hal.archives-ouvertes.fr/hal-02368958}}

@phdthesis{antoniadis:tel-01861171,
	Author = {Antoniadis, Pavlos},
	Date-Added = {2019-04-03 10:33:39 +0200},
	Date-Modified = {2019-07-15 14:55:09 +0200},
	Hal_Id = {tel-01861171},
	Hal_Version = {v1},
	Keywords = {Complexity ; Embodiment ; Embodied cognition ; Embodied navigation ; Interaction ; Notation ; Affordances ; Multilayered tablatures ; GesTCom ; Complexit{\'e} ; Incarnation ; Cognition incarn{\'e}e ; Navigation incarn{\'e}e ; Tablatures multidimensionnelles},
	Month = Jun,
	Number = {2018STRAC007},
	Pdf = {https://tel.archives-ouvertes.fr/tel-01861171/file/Antoniadis_Pavlos_2018_ED520.pdf},
	School = {{Universit{\'e} de Strasbourg}},
	Title = {{Embodied navigation of complex piano notation : rethinking musical interaction from a performer's perspective}},
	Type = {Theses},
	Year = {2018},
	Bdsk-Url-1 = {https://tel.archives-ouvertes.fr/tel-01861171}}

@inproceedings{bresson:hal-01353794,
	Address = {Nara, Japan},
	Author = {Bresson, Jean and MacCallum, John and Freed, Adrian},
	Booktitle = {{ACM SIGPLAN Workshop on Functional Art, Music, Modeling \& Design (FARM '16)}},
	Date-Added = {2019-01-07 11:27:43 +0100},
	Date-Modified = {2019-01-07 11:27:43 +0100},
	Doi = {10.1145/http://dx.doi.org/10.1145/2975980.2975985},
	Hal_Id = {hal-01353794},
	Hal_Version = {v1},
	Keywords = {Musical domain-specific languages ; OSC ; Computer-aided composition},
	Pdf = {https://hal.archives-ouvertes.fr/hal-01353794/file/o.OM.pdf},
	Series = {Proceedings of ACM SIGPLAN International Conference on Functional Programmaing (ICFP'16) -- Workshop on Functional Art, Music, Modeling \& Design (FARM)},
	Title = {{o.OM: Structured-Functional Communication between Computer Music Systems using OSC and Odot}},
	Url = {https://hal.archives-ouvertes.fr/hal-01353794},
	Year = {2016},
	Bdsk-Url-1 = {https://hal.archives-ouvertes.fr/hal-01353794},
	Bdsk-Url-2 = {10.1145/http://dx.doi.org/10.1145/2975980.2975985}}

@conference{429,
	Abstract = {A new media programming style is introduced thatbrings efficient run-time polymorphism, functional andinstance-based object-oriented programming toMax/MSP and related visual dataflow languages.Examples are presented to illustrate new, unusual andeffective applications of the approach of using OSCmessages for object representations and data flow formethod delegation.},
	Address = {Huddersfield, England},
	Author = {Freed, Adrian and MacCallum, John and Schmeder, Andy},
	Booktitle = {ICMC 2011},
	Date-Added = {2019-01-07 11:25:29 +0100},
	Date-Modified = {2019-04-02 12:33:56 +0200},
	Organization = {ICMA},
	Publisher = {ICMA},
	Title = {{Dynamic, Instance-based, Object-Oriented Programming (OOP) in Max/MSP using Open Sound Control (OSC) Message Delegation}},
	Year = {2011}}

@inproceedings{Roland_2002,
	Abstract = {This paper draws parallels between the Text Encoding Initiative (TEI) and the proposed Music Encoding Initiative (MEI), reviews existing design principles for music representations, and describes an eXtensible Markup Language (XML) document type definition (DTD) for modeling music notation which attempts to incorporate those principles.},
	Author = {Roland, Perry},
	Booktitle = {MAX2002. Proceedings of the First International Conference on Musical Application using XML},
	Date-Added = {2019-01-07 10:33:32 +0100},
	Date-Modified = {2019-07-15 14:55:31 +0200},
	Pages = {55--59},
	Title = {{The Music Encoding Initiative (MEI)}},
	Year = {2002},
	Bdsk-Url-1 = {http://xml.coverpages.org/MAX2002-PRoland.pdf}}

@inproceedings{fober17c,
	Abstract = {INScore is an environment for augmented interactive music score design, oriented towards unconventional uses of music notation, without excluding conventional approaches. In this environment, although all the objects of a score have a temporal dimension, the time remains fixed i.e., the date (or duration) of an object does not change, except when a message is received (sent from an external application or resulting from events handling). Thus, INScore does not include a time manager in the classic sense of the term. This choice was based on the fact that the system was originally designed to be used with sound production software (e.g., Max/MSP, Pure Data), that have more strict real-time constraints than INScore's graphical environment. However, the need to introduce dynamic time has gradually emerged, leading to an original model, both continuous and event based. The paper presents this model and its properties in the frame on INScore.},
	Author = {Dominique Fober and Yann Orlarey and St{\'e}phane Letz},
	Booktitle = {Proceedings of the International Computer Music Conference},
	Date-Added = {2017-10-16 12:59:00 +0000},
	Date-Modified = {2019-04-02 12:30:27 +0200},
	Keywords = {inscore, time model, music score, dynamic score},
	Pages = {64--68},
	Title = {{INScore Time Model}},
	Year = {2017}}

@inproceedings{fober17a,
	Abstract = {INScore is an environment for the design of augmented interactive music scores opened to conventional and non-conventional use of the music notation. The system has been presented at LAC 2012 and has significantly evolved since, with improvements turned to dynamic and animated notation. This paper presents the latest features and notably the dynamic time model, the events system, the scripting language, the symbolic scores composition engine, the network and Web extensions, the interaction processes representation system and the set of sensor objects.},
	Address = {Saint Etienne},
	Author = {Dominique Fober and Yann Orlarey and St{\'e}phane Letz},
	Booktitle = {Proceedings of the Linux Audio Conference -- LAC 2017},
	Date-Added = {2017-05-30 08:31:32 +0000},
	Date-Modified = {2018-04-20 11:36:08 +0000},
	Editor = {Vincent Ciciliato and Yann Orlarey and Laurent Pottier},
	Pages = {43--51},
	Publisher = {CIEREC},
	Title = {Towards dynamic and animated music notation using {INS}core},
	Year = {2017}}

@inproceedings{fober17b,
	Abstract = {INScore est un environnement pour la conception de partition interactives augment{\'e}es, tourn{\'e} vers des usages non conventionnels de la notation musicale, sans exclure pour autant les approches classiques. Dans cet environnement, bien que tous les objets de la partition aient une dimension temporelle, le temps reste fixe i.e. que la date (ou la dur{\'e}e) d'un objet ne change pas, sauf {\`a} r{\'e}ception d'un message qui ne peut {\^e}tre produit que de mani{\`e}re externe ou {\'e}v{\'e}nementielle. INScore n'inclut donc pas de gestionnaire du temps au sens classique du terme. A l'origine, ce choix a {\'e}t{\'e} dict{\'e} par le fait que le syst{\`e}me fut con{\c c}u pour des usages coupl{\'e}s avec des logiciels de production sonore (e.g. Max/MSP, Pure Data), qui ont des contraintes de temps-r{\'e}el plus strictes que l'environnement graphique d'INScore. Toutefois, la n{\'e}cessit{\'e} d'introduire un temps dynamique a progressivement {\'e}merg{\'e}, conduisant {\`a} un mod{\`e}le original, {\`a} la fois {\'e}v{\'e}nementiel et continu. C'est ce mod{\`e}le qui est pr{\'e}sent{\'e} et ses propri{\'e}t{\'e}s dans l'environnement d'INScore.},
	Address = {Paris, France},
	Author = {Dominique Fober and Yann Orlarey and St{\'e}phane Letz},
	Booktitle = {Actes des Journ{\'e}es d'Informatique Musicale JIM'17},
	Date-Added = {2017-05-30 08:28:10 +0000},
	Date-Modified = {2018-04-20 11:35:59 +0000},
	Editor = {Pierre Couprie and C{\'e}cile Davy-Rigaux and Hugues Genevois and Lin-Ni Liao and Mikhail Malt and Thierry Maniguet and Marie-France Mifune},
	Publisher = {Collegium Music{\ae}},
	Title = {Le mod{\`e}le du temps dans {INS}core},
	Url = {https://jim2017.sciencesconf.org/data/Dominique_Fober2017aa.pdf},
	Year = {2017},
	Bdsk-Url-1 = {https://jim2017.sciencesconf.org/data/Dominique_Fober2017aa.pdf}}

@inproceedings{coduys04,
	Author = {Thierry Coduys and Guillaume Ferry},
	Booktitle = {Proceedings of the first Sound and Music Computing Conference SMC'04 - Paris/France},
	Date-Added = {2017-03-21 10:27:20 +0000},
	Date-Modified = {2017-03-21 10:30:58 +0000},
	Pages = {p. 105--110},
	Publisher = {IRCAM},
	Title = {IanniX Aesthetical/Symbolic Visualisations For Hypermedia Composition},
	Year = {2004}}

@inproceedings{iannix14,
	Author = {Guillaume Jacquemin and Thierry Coduys},
	Booktitle = {Actes des Journ{\'e}es d'Informatique Musicale JIM2014, Bourges},
	Date-Added = {2017-01-19 10:49:13 +0000},
	Date-Modified = {2017-01-19 11:05:09 +0000},
	Pages = {35--41},
	Title = {Partitions r{\'e}troactives avec IanniX},
	Year = {2014}}

@article{doi:10.1080/09298210500236051,
	Abstract = { Abstract Automated music formatting helps composers and copyists to speed up the process of music score editing by facilitating complex evaluations needed to write correct music sheets in terms of symbol positioning, justification, and so on. Delegating this activity to the computer allows the composer/copyist to increase the efficiency by letting him or her concentrate on more creative aspects. Music formatting is one of the most relevant problems of programs for music notation editing. Several written and non-written rules are typically applied by music engravers and composers. In this article, an approach for formalizing formatting rules and the related tools are presented. The approach is based on insertion, positioning and priority rules, and on the associated conditions for their activation. Conditions and rules formalized in the proposed approach are automatically executed by a formatting engine called ``MILLA'' (Music Intelligence Formatting Language). The Open Source and free distributed WEDELMUSIC editor (www.wedelmusic.org) is based on MILLA. The approach is presented together with several examples. },
	Author = {P. Bellini and I. Bruno and P. Nesi},
	Date-Added = {2017-01-17 10:06:34 +0000},
	Date-Modified = {2017-01-17 10:06:34 +0000},
	Doi = {10.1080/09298210500236051},
	Eprint = {http://dx.doi.org/10.1080/09298210500236051},
	Journal = {Journal of New Music Research},
	Number = {3},
	Pages = {237-257},
	Title = {Automatic formatting of music sheets through MILLA rule-based language and engine},
	Url = {http://dx.doi.org/10.1080/09298210500236051},
	Volume = {34},
	Year = {2005},
	Bdsk-Url-1 = {http://dx.doi.org/10.1080/09298210500236051}}

@techreport{FLO92,
	Author = {Fober, Dominique and Letz, St{\'e}phane and Yann Orlarey},
	Date-Added = {2016-12-21 08:37:57 +0000},
	Date-Modified = {2016-12-21 08:40:07 +0000},
	Institution = {GRAME},
	Keywords = {composition musicale, programmation},
	Title = {Notation et repr{\'e}sentation formelle des processus de composition},
	Year = {1992}}

@inproceedings{Lepetit-Aimon_tenor2016,
	Address = {Cambridge, UK},
	Author = {Gabriel Lepetit-Aimon and Dominique Fober and Yann Orlarey and St{\'e}phane Letz},
	Booktitle = {Proceedings of the International Conference on Technologies for Music Notation and Representation - TENOR2016},
	Date-Added = {2016-08-05 09:00:19 +0000},
	Date-Modified = {2018-04-20 11:36:45 +0000},
	Editor = {Richard Hoadley and Chris Nash and Dominique Fober},
	Isbn = {978-0-9931461-1-4},
	Pages = {137--143},
	Publisher = {Anglia Ruskin University},
	Title = {{INS}core expressions to compose symbolic scores},
	Year = {2016}}

@inproceedings{lepetit16,
	Author = {Gabriel Lepetit-Aimon and Dominique Fober and Yann Orlarey and St{\'e}phane Letz},
	Booktitle = {Actes des Journ{\'e}es d'Informatique Musicale JIM'16 - Albi},
	Date-Added = {2016-05-19 09:42:06 +0000},
	Date-Modified = {2018-04-20 11:36:55 +0000},
	Pages = {54--60},
	Title = {Composition de partitions symboliques dans {INS}core},
	Year = {2016}}

@inproceedings{HankinsonEtAl_2011_TheMusiEncoInit,
	Address = {Miami (Florida), USA},
	Author = {Hankinson, Andrew and Roland, Perry and Fujinaga, Ichiro},
	Booktitle = {Proceedings of the 12th International Society for Music Information Retrieval Conference},
	Date-Added = {2016-03-15 16:13:22 +0000},
	Date-Modified = {2019-04-02 12:35:23 +0200},
	Month = {October 24-28},
	Note = {\url{http://ismir2011.ismir.net/papers/OS3-1.pdf}},
	Pages = {293--298},
	Title = {{The Music Encoding Initiative as a Document-Encoding Framework}},
	Year = 2011}

@inproceedings{SinclairEtAl_2006_LilyForPyscAppr,
	Address = {Victoria (BC), Canada},
	Author = {Sinclair, Stephen and Droettboom, Michael and Fujinaga, Ichiro},
	Booktitle = {Proceedings of the 7th International Conference on Music Information Retrieval},
	Date-Added = {2016-03-09 14:21:42 +0000},
	Date-Modified = {2016-03-09 14:21:49 +0000},
	Month = {October 8-12},
	Title = {Lilypond for pyScore: Approaching a universal translator for music notation},
	Year = 2006}

@inproceedings{KuuskankareEtAl_2005_AnnoMusiScorIn,
	Address = {London, UK},
	Author = {Kuuskankare, Mika and Laurson, Mikael},
	Booktitle = {Proceedings of the 6th International Conference on Music Information Retrieval},
	Date-Added = {2016-03-09 14:20:10 +0000},
	Date-Modified = {2016-03-09 14:20:18 +0000},
	Month = {September 11-15},
	Pages = {72--76},
	Title = {Annotating Musical Scores in ENP},
	Year = 2005}

@inproceedings{KuuskankareEtAl_2007_VivoVisuHarm,
	Address = {Vienna, Austria},
	Author = {Kuuskankare, Mika and Laurson, Mikael},
	Booktitle = {Proceedings of the 8th International Conference on Music Information Retrieval},
	Date-Added = {2016-03-09 14:17:07 +0000},
	Date-Modified = {2016-03-09 14:17:23 +0000},
	Month = {September 23-27},
	Pages = {289--290},
	Title = {Vivo - Visualizing Harmonic Progressions and Voice-Leading in PWGL},
	Year = 2007}

@inproceedings{CuthbertEtAl_2010_MusiAToolFor,
	Address = {Utrecht, The Netherlands},
	Author = {Cuthbert, Michael Scott and Ariza, Christopher},
	Booktitle = {Proceedings of the 11th International Society for Music Information Retrieval Conference},
	Date-Added = {2016-03-09 14:12:46 +0000},
	Date-Modified = {2016-03-09 14:18:13 +0000},
	Month = {August 9-13},
	Pages = {637--642},
	Title = {Music21: A Toolkit for Computer-Aided Musicology and Symbolic Music Data},
	Year = 2010}

@incollection{giavitto:hal-00960989,
	Author = {Giavitto, Jean-Louis},
	Booktitle = {{Produire le temps}},
	Date-Added = {2016-03-07 15:15:19 +0000},
	Date-Modified = {2016-03-07 15:15:19 +0000},
	Editor = {Hugues Vinet},
	Hal_Id = {hal-00960989},
	Hal_Version = {v1},
	Month = Apr,
	Note = {238p. Contributeurs : Yves Andr{\'e}, G{\'e}rard Berry, Antoine Bonnet, Nicolas Donin, Laurent Feneyrou, Patrick Flandrin, Jean-Louis Giavitto, Philippe Manoury, Fran{\c c}ois Nicolas, Thierry Paul, Fran{\c c}ois Regnault, Pierre-Andr{\'e} Valade, Hugues Vinet},
	Pages = {73-106},
	Publisher = {{Hermann}},
	Title = {{Du temps {\'e}crits au temps produit en informatique musicale}},
	Url = {https://hal.archives-ouvertes.fr/hal-00960989},
	Year = {2014},
	Bdsk-Url-1 = {https://hal.archives-ouvertes.fr/hal-00960989}}

@article{bresson:hal-00965747,
	Author = {Bresson, Jean and Giavitto, Jean-Louis},
	Date-Added = {2016-03-03 16:55:18 +0000},
	Date-Modified = {2016-03-03 16:55:18 +0000},
	Doi = {10.1016/j.jvlc.2014.03.003},
	Hal_Id = {hal-00965747},
	Hal_Version = {v1},
	Journal = {{Journal of Visual Languages and Computing}},
	Number = {4},
	Pages = {363-375},
	Publisher = {{Elsevier}},
	Title = {{A Reactive Extension of the OpenMusic Visual Programming Language}},
	Url = {https://hal.archives-ouvertes.fr/hal-00965747},
	Volume = {25},
	Year = {2014},
	Bdsk-Url-1 = {https://hal.archives-ouvertes.fr/hal-00965747},
	Bdsk-Url-2 = {http://dx.doi.org/10.1016/j.jvlc.2014.03.003}}

@inproceedings{bresson:hal-01182394,
	Address = {Scottsdale, United States},
	Author = {Bresson, Jean and Agon, Carlos and Assayag, G{\'e}rard},
	Booktitle = {{ACM MultiMedia (MM'11)}},
	Date-Added = {2016-03-02 08:23:22 +0000},
	Date-Modified = {2016-03-02 08:23:22 +0000},
	Doi = {10.1145/2072298.2072434},
	Hal_Id = {hal-01182394},
	Hal_Version = {v1},
	Keywords = {computer music ; visual programming},
	Pdf = {https://hal.archives-ouvertes.fr/hal-01182394/file/openmusic.pdf},
	Title = {{OpenMusic -- Visual Programming Environment for Music Composition, Analysis and Research}},
	Url = {https://hal.archives-ouvertes.fr/hal-01182394},
	Year = {2011},
	Bdsk-Url-1 = {https://hal.archives-ouvertes.fr/hal-01182394},
	Bdsk-Url-2 = {http://dx.doi.org/10.1145/2072298.2072434}}

@article{Hutton99,
	Author = {Graham Hutton},
	Date-Added = {2016-03-01 14:13:07 +0000},
	Date-Modified = {2016-03-01 14:13:23 +0000},
	Journal = {Journal of Functional Programming},
	Month = jul,
	Number = 4,
	Pages = {355--372},
	Publisher = {Cambridge University Press},
	Title = {{A Tutorial on the Universality and Expressiveness of Fold}},
	Volume = 9,
	Year = 1999}

@article{haskore,
	Author = {Paul Hudak and Tom Makucevich and Syam Gadde and Bo Whong},
	Date-Added = {2016-01-21 11:04:18 +0000},
	Date-Modified = {2016-01-21 11:04:18 +0000},
	Journal = {Journal of Functional Programming},
	Month = May,
	Number = 3,
	Pages = {465--483},
	Title = {Haskore Music Notation -- An Algebra of Music},
	Volume = 6,
	Year = 1996}

@inproceedings{Quick:2013:GAM:2505341.2505345,
	Acmid = {2505345},
	Address = {New York, NY, USA},
	Author = {Quick, Donya and Hudak, Paul},
	Booktitle = {Proceedings of the first ACM SIGPLAN workshop on Functional art, music, modeling and design},
	Date-Added = {2015-11-25 09:33:38 +0000},
	Date-Modified = {2015-11-25 09:35:57 +0000},
	Doi = {10.1145/2505341.2505345},
	Isbn = {978-1-4503-2386-4},
	Keywords = {algorithmic composition, grammar, music},
	Location = {Boston, Massachusetts, USA},
	Numpages = {12},
	Pages = {59--70},
	Publisher = {ACM},
	Series = {FARM '13},
	Title = {Grammar-based automated music composition in Haskell},
	Url = {http://doi.acm.org/10.1145/2505341.2505345},
	Year = {2013},
	Bdsk-Url-1 = {http://doi.acm.org/10.1145/2505341.2505345},
	Bdsk-Url-2 = {http://dx.doi.org/10.1145/2505341.2505345}}

@inproceedings{Hope_tenor2015,
	Address = {Paris, France},
	Author = {Cat Hope and Lindsay Vickery and Aaron Wyatt and Stuart James},
	Booktitle = {Proceedings of the First International Conference on Technologies for Music Notation and Representation - TENOR2015},
	Date-Added = {2015-11-13 12:49:06 +0000},
	Date-Modified = {2015-11-13 12:49:06 +0000},
	Editor = {Marc Battier and Jean Bresson and Pierre Couprie and C{\'e}cile Davy-Rigaux and Dominique Fober and Yann Geslin and Hugues Genevois and Fran{\c c}ois Picard and Alice Tacaille},
	Isbn = {978-2-9552905-0-7},
	Pages = {58--69},
	Publisher = {Institut de Recherche en Musicologie},
	Title = {The DECIBEL Scoreplayer - A Digital Tool for Reading Graphic Notation},
	Year = {2015}}

@inproceedings{RSmith_tenor2015,
	Address = {Paris, France},
	Author = {Ryan Ross Smith},
	Booktitle = {Proceedings of the First International Conference on Technologies for Music Notation and Representation - TENOR2015},
	Date-Added = {2015-11-13 12:48:00 +0000},
	Date-Modified = {2015-11-13 12:48:00 +0000},
	Editor = {Marc Battier and Jean Bresson and Pierre Couprie and C{\'e}cile Davy-Rigaux and Dominique Fober and Yann Geslin and Hugues Genevois and Fran{\c c}ois Picard and Alice Tacaille},
	Isbn = {978-2-9552905-0-7},
	Pages = {39--47},
	Publisher = {Institut de Recherche en Musicologie},
	Title = {An Atomic Approach to Animated Music Notation},
	Year = {2015}}

@inproceedings{Wulfson2007,
	Abstract = {This article presents various custom software tools called Automatic Notation Generators (ANG's) developed by the authors to aid in the creation of algorithmic instrumental compositions. The unique possibilities afforded by ANG software are described, along with relevant examples of their compositional output. These avenues of exploration include: mappings of spectral data directly into notated music, the creation of software transcribers that enable users to generate multiple realizations of algorithmic compositions, and new types of spontaneous performance with live generated screen-based music notation. The authors present their existing software tools along with suggestions for future research and artistic inquiry. },
	Address = {New York City, NY, United States},
	Author = {Wulfson, Harris and Barrett, G. Douglas and Winter, Michael},
	Booktitle = {Proceedings of the International Conference on New Interfaces for Musical Expression},
	Date-Added = {2015-11-13 11:22:34 +0000},
	Date-Modified = {2015-11-13 11:22:34 +0000},
	Keywords = {nime07},
	Pages = {346--351},
	Title = {Automatic Notation Generators},
	Url = {http://www.nime.org/proceedings/2007/nime2007_346.pdf},
	Year = {2007},
	Bdsk-Url-1 = {http://www.nime.org/proceedings/2007/nime2007_346.pdf}}

@inproceedings{Baird2005,
	Abstract = {No Clergy is an interactive music performance/installation inwhich the audience is able to shape the ongoing music. In it,members of a small acoustic ensemble read music notation fromcomputer screens. As each page refreshes, the notation is alteredand shaped by both stochastic transformations of earlier musicwith the same performance and audience feedback, collected viastandard CGI forms. },
	Address = {Vancouver, BC, Canada},
	Author = {Baird, Kevin C.},
	Booktitle = {Proceedings of the International Conference on New Interfaces for Musical Expression},
	Date-Added = {2015-11-13 11:03:31 +0000},
	Date-Modified = {2015-11-13 11:03:31 +0000},
	Keywords = {notation, stochastic, interactive, audience, Python, Lilypond},
	Pages = {240--241},
	Title = {Real-Time Generation of Music Notation via Audience Interaction Using Python and {GNU} Lilypond},
	Url = {http://www.nime.org/proceedings/2005/nime2005_240.pdf},
	Year = {2005},
	Bdsk-Url-1 = {http://www.nime.org/proceedings/2005/nime2005_240.pdf}}

@inproceedings{kschlei:2015,
	Abstract = {This paper explores the creation and testing of a new system for notating physical actions on a surface. This notation is conceptualized through the medium of, and initially tested on, multi-touch interfaces. Existing methods of notating movement are reviewed, followed by a detailed explanation of our notation. User trials were carried out in order to test how effective this notation was, the results of which be explained. An analysis of the collected data follows, as well as criticisms of the notation and testing process.},
	Address = {Baton Rouge, Louisiana, USA},
	Author = {Warren Enstr\"{o}m and Josh Dennis and Brian Lynch and Kevin Schlei},
	Booktitle = {Proceedings of the International Conference on New Interfaces for Musical Expression},
	Date-Added = {2015-11-13 11:01:14 +0000},
	Date-Modified = {2017-01-19 09:38:41 +0000},
	Editor = {Edgar Berdahl and Jesse Allison},
	Month = {May 31 -- June 3},
	Pages = {83--86},
	Publisher = {Louisiana State University},
	Title = {Musical Notation for Multi-Touch Interfaces},
	Url = {http://www.nime.org/proceedings/2015/nime2015_289.pdf},
	Year = {2015},
	Bdsk-Url-1 = {http://www.nime.org/proceedings/2015/nime2015_289.pdf}}

@inproceedings{Burtner2003,
	Address = {Montreal, Canada},
	Author = {Burtner, Matthew},
	Booktitle = {Proceedings of the International Conference on New Interfaces for Musical Expression},
	Date = {22-24 May, 2003},
	Date-Added = {2015-11-13 11:00:15 +0000},
	Date-Modified = {2015-11-13 11:00:15 +0000},
	Pages = {63--69},
	Title = {Composing for the (dis)Embodied Ensemble : Notational Systems in (dis)Appearances},
	Url = {http://www.nime.org/proceedings/2003/nime2003_063.pdf},
	Year = {2003},
	Bdsk-Url-1 = {http://www.nime.org/proceedings/2003/nime2003_063.pdf}}

@inproceedings{tmays:2014,
	Abstract = {In this paper we expose the need to go beyond the composer/performer model of electronic instrument design and programming to encourage the transmission of compositions and the creation of a repertory via notation of repeatable performance practice. Drawing on 4 years of practice using the Karlax controller (Da Fact) as a base for new digital musical instruments, we present our notation system in detail and cite some mapping strategies and examples from to pieces in a growing repertory of chamber music compositions for electronic and acoustic instruments},
	Address = {London, United Kingdom},
	Author = {Tom Mays and Francis Faber},
	Booktitle = {Proceedings of the International Conference on New Interfaces for Musical Expression},
	Date-Added = {2015-11-13 10:51:40 +0000},
	Date-Modified = {2015-11-13 10:51:40 +0000},
	Month = {June},
	Pages = {553--556},
	Publisher = {Goldsmiths, University of London},
	Title = {A Notation System for the Karlax Controller},
	Url = {http://www.nime.org/proceedings/2014/nime2014_509.pdf},
	Year = {2014},
	Bdsk-Url-1 = {http://www.nime.org/proceedings/2014/nime2014_509.pdf}}

@inproceedings{Ellberger_tenor2015,
	Address = {Paris, France},
	Author = {Emile Ellberger and Germ{\'a}n Toro-Perez and Johannes Schuett and Linda Cavaliero and Giorgio Zoia},
	Booktitle = {Proceedings of the First International Conference on Technologies for Music Notation and Representation - TENOR2015},
	Date-Added = {2015-11-12 12:07:34 +0000},
	Date-Modified = {2015-11-12 12:07:34 +0000},
	Editor = {Marc Battier and Jean Bresson and Pierre Couprie and C{\'e}cile Davy-Rigaux and Dominique Fober and Yann Geslin and Hugues Genevois and Fran{\c c}ois Picard and Alice Tacaille},
	Isbn = {978-2-9552905-0-7},
	Pages = {98--102},
	Publisher = {Institut de Recherche en Musicologie},
	Title = {A Paradigm for Scoring Spatialization Notation},
	Year = {2015}}

@article{Lee:2013,
	Acmid = {2581541},
	Address = {Cambridge, MA, USA},
	Author = {Lee, Sang Won and Freeman, Jason},
	Date-Added = {2015-11-05 13:55:09 +0000},
	Date-Modified = {2015-11-05 13:55:44 +0000},
	Doi = {10.1162/COMJ_a_00202},
	Issn = {0148-9267},
	Issue_Date = {Winter 2013},
	Journal = {Computer Music Journal},
	Month = dec,
	Number = {4},
	Numpages = {13},
	Pages = {24--36},
	Publisher = {MIT Press},
	Title = {Real-time Music Notation in Mixed Laptop-acoustic Ensembles},
	Url = {http://dx.doi.org/10.1162/COMJ_a_00202},
	Volume = {37},
	Year = {2013},
	Bdsk-Url-1 = {http://dx.doi.org/10.1162/COMJ_a_00202}}

@inproceedings{Fober:15b,
	Abstract = {Music notation is facing new musical forms such as electronic and/or interactive music, live coding, hybridizations with dance, design, multimedia. It is also facing the migration of musical instruments to gestural and mobile platforms, which poses the question of new scores usages on devices that mostly lack the necessary graphic space to display the music in a traditional setting and approach. Music scores distributed and shared on the Internet start also to be the support of innovative musical practices, which raises other issues, notably regarding dynamic and collaborative music scores. 
This paper introduces some of the perspectives opened by the migration of music scores to mobile platforms and to the Internet and it presents the approach adopted with INScore, an environment for the design of augmented, interactive music scores.},
	Author = {Dominique Fober and Guillaume Gouilloux and Yann Orlarey and St{\'e}phane Letz},
	Booktitle = {Proceedings of the Sound and Music Computing conference -- SMC'15},
	Date = {2015-07-30},
	Date-Added = {2015-09-28 14:59:12 +0000},
	Date-Modified = {2018-04-20 11:37:07 +0000},
	Keywords = {web music, score, graphic, programming},
	Pages = {229--233},
	Title = {Distributing Music Scores to Mobile Platforms and to the Internet using {INS}core},
	Url = {inscore-web-SMC15.pdf},
	Year = {2015},
	Bdsk-Url-1 = {fober-smc2013-final.pdf}}

@inproceedings{solomon15a,
	Abstract = {Cet article a pour objet d'{\'e}laborer un mod{\`e}le relationnel de la gravure musicale. Les bases de donn{\'e}es relationnelles, de plus en plus r{\'e}pandues comme solution de stockage de donn{\'e}es, permettent de r{\'e}soudre les probl{\`e}mes d'ind{\'e}pendance et d'incoh{\'e}rence des donn{\'e}es qui entravent la migration vers le web des logiciels de gravure musicale. Cette conception relationnelle de la partition musicale permet {\'e}galement de faire des projections arbitraires des partitions dans plusieurs contextes num{\'e}riques. Apr{\`e}s avoir survol{\'e} l'{\'e}tat de l'art de la gravure musicale assist{\'e}e par ordinateur, l'article propose un mod{\`e}le relationnel de la gravure avant de conclure avec une discussion sur le lien entre le mod{\`e}le relationnel et d'autres syst{\`e}mes d'encodage musical.},
	Address = {Montr{\'e}al, Canada},
	Author = {Mike Solomon and Dominique Fober},
	Booktitle = {Actes des Journ{\'e}es d'Informatique Musicale JIM2015},
	Date-Added = {2015-06-23 14:05:03 +0000},
	Date-Modified = {2015-06-23 14:13:49 +0000},
	Keywords = {music notation, purcell},
	Title = {Un mod{\`e}le relationnel de la gravure musicale.},
	Year = {2015}}

@techreport{fober12tr,
	Abstract = {We present a general theoretical framework to de- scribe segments and the different possible mapping that can be established between them. Each segment can be related to different music representations, graphical scores, music signals or gesture signals. This theoretical formalism is general and is compatible with large number of problems found in sound and gesture computing. We describe some examples we developed in interactive score representation, superposed with signal representation, and the description of synchronization between gesture and sound signals.},
	Author = {Dominique Fober and Frederic Bevilacqua and Roland Assous},
	Date = {2012-01-01},
	Date-Added = {2015-06-23 09:25:50 +0000},
	Date-Modified = {2019-04-02 12:35:34 +0200},
	Institution = {GRAME},
	Keywords = {gesture, music, music score, synchronization, inscore},
	Pubstate = {published},
	Title = {{Segments and Mapping for Scores and Signal Representations}},
	Tppubtype = {techreport},
	Url = {TR-segmentation.pdf},
	Year = {2012},
	Bdsk-Url-1 = {TR-segmentation.pdf}}

@proceedings{tenor2015,
	Address = {Paris, France},
	Date-Added = {2015-06-08 13:46:53 +0000},
	Date-Modified = {2015-06-23 14:19:49 +0000},
	Editor = {Marc Battier and Jean Bresson and Pierre Couprie and C{\'e}cile Davy-Rigaux and Dominique Fober and Yann Geslin and Hugues Genevois and Fran{\c c}ois Picard and Alice Tacaille},
	Keywords = {technology ; notation ; music},
	Publisher = {Institut de Recherche en Musicologie, IReMus},
	Title = {{Proceedings of the First International Conference on Technologies for Music Notation and Representation - TENOR2015}},
	Url = {https://hal.archives-ouvertes.fr/hal-01159870},
	Year = {2015},
	Bdsk-Url-1 = {https://hal.archives-ouvertes.fr/hal-01159870}}

@inproceedings{fober15a,
	Address = {Montr{\'e}al, Canada},
	Author = {Fober, Dominique and Bresson, Jean and Couprie, Pierre and Geslin, Yann},
	Booktitle = {{Journ{\'e}es d'Informatique Musicale}},
	Date-Added = {2015-06-08 12:00:09 +0000},
	Date-Modified = {2015-06-08 12:00:33 +0000},
	Keywords = {Notation musicale ; informatique},
	Organization = {{Facult{\'e} de musique de l'Universit{\'e} de Montr{\'e}al}},
	Pdf = {https://hal.archives-ouvertes.fr/hal-01160759/file/JIM15_Fober_D_et_al.pdf},
	Title = {{Les nouveaux espaces de la notation musicale}},
	Url = {https://hal.archives-ouvertes.fr/hal-01160759},
	Year = {2015},
	Bdsk-Url-1 = {https://hal.archives-ouvertes.fr/hal-01160759}}

@inproceedings{polashek14a,
	Author = {Timothy, Polashek and Brad, Meyer},
	Booktitle = {{Proceedings of the Conference on New Interfaces for Musical Expression}},
	Date-Added = {2015-04-22 13:47:23 +0000},
	Date-Modified = {2015-04-23 14:06:12 +0000},
	Pages = {82--83},
	Series = {NIME'14},
	Title = {Engravings for Prepared Snare Drum, iPad, and Computer},
	Year = {2014}}

@inproceedings{canning14a,
	Author = {Rob Canning},
	Booktitle = {{Proceedings of the Conference on New Interfaces for Musical Expression}},
	Date-Added = {2015-04-22 13:40:41 +0000},
	Date-Modified = {2015-04-23 14:05:52 +0000},
	Keywords = {web, distributed score},
	Pages = {144--146},
	Series = {NIME'14},
	Title = {Interactive Parallax Scrolling Score Interface for Composed Networked Improvisation},
	Year = {2014}}

@techreport{musescore,
	Author = {T. Bonte},
	Date-Added = {2015-04-22 10:46:31 +0000},
	Date-Modified = {2015-09-28 13:53:12 +0000},
	Institution = {Free and Open source Software Developers European Meeting},
	Note = {\url{http://www.slideshare.net/thomasbonte/musescore-at-fosdem-2009}},
	Title = {Muse{S}core: Open source music notation and composition software},
	Year = {2009}}

@manual{WebAudio,
	Date-Added = {2015-04-22 09:29:55 +0000},
	Date-Modified = {2015-04-22 09:33:41 +0000},
	Month = {April},
	Organization = {W3C},
	Title = {Web Audio API},
	Url = {http://webaudio.github.io/web-audio-api/},
	Year = {2015},
	Bdsk-Url-1 = {http://webaudio.github.io/web-audio-api/}}

@inproceedings{mike2015b,
	Address = {Montr{\'e}al, Canada},
	Author = {Solomon, Mike and Fober, Dominique},
	Booktitle = {Actes des Journ{\'e}es d'Informatique Musicale JIM2015},
	Date-Added = {2015-04-22 09:13:00 +0000},
	Date-Modified = {2015-04-22 09:17:04 +0000},
	Title = {Un mod{\`e}le relationel de la gravure musicale},
	Year = {2015}}

@inproceedings{mike2015a,
	Address = {Firenze, Italy},
	Author = {Solomon, Mike and Fober, Dominique},
	Booktitle = {Proceedings of the Music Encoding Conference},
	Date-Added = {2015-04-22 09:09:45 +0000},
	Date-Modified = {2015-04-22 09:17:36 +0000},
	Title = {A relational model for computer-based music engraving},
	Year = {2015}}

@inproceedings{renz98,
	Author = {Kai Renz and Holger Hoos},
	Booktitle = {Proceedings of the International Computer Music Conference},
	Date-Added = {2014-12-04 13:03:57 +0000},
	Date-Modified = {2017-05-15 12:36:55 +0000},
	Organization = {ICMA},
	Pages = {455--458},
	Title = {A {W}eb-based {A}pproach to {M}usic {N}otation {U}sing {GUIDO}},
	Year = {1998}}

@webpage{merlier:geste,
	Author = {Bertrand Merlier},
	Date-Added = {2014-12-04 09:24:52 +0000},
	Date-Modified = {2014-12-04 09:29:15 +0000},
	Lastchecked = {04/12/2014},
	Title = {Notation de l'espace en musique {\'e}lectroacoustique : du geste au signe.},
	Url = {http://tc2.free.fr/espace/articles/MerlierNotation2013.pdf},
	Year = {2013},
	Bdsk-Url-1 = {http://tc2.free.fr/espace/articles/MerlierNotation2013.pdf}}

@webpage{taupin:2011,
	Author = {Daniel Taupin and Ross Mitchell and Andreas Egler},
	Date-Added = {2014-12-03 16:15:52 +0000},
	Date-Modified = {2014-12-03 16:20:39 +0000},
	Month = {April},
	Title = {MusiXTeX Using TeX to write polyphonic or instrumental music.},
	Url = {http://icking-music-archive.org/software/musixtex/musixdoc.pdf},
	Year = {2011},
	Bdsk-Url-1 = {http://icking-music-archive.org/software/musixtex/musixdoc.pdf}}

@inproceedings{Dau:09b,
	Abstract = {The Guido Music Notation format (GMN) is a general purpose formal language for representing score level music in a platform independent plain text and human readable way. Based on this music representation format, the Guido Lib provides a generic, portable library and API for the graphical rendering of musical scores. This paper gives an introduction to the music notation format and to the Guido graphic score rendering engine. An example of application, the GuidoSceneComposer, is next presented.},
	Author = {C. Daudin and Dominique Fober and Stephane Letz and Yann Orlarey},
	Booktitle = {Proceedings of Linux Audio Conference 2009},
	Date = {2009-01-01},
	Date-Added = {2014-12-03 16:03:40 +0000},
	Date-Modified = {2019-07-15 14:53:36 +0200},
	Editor = {LAC},
	Keywords = {GUIDO, music, score, notation, layout},
	Pages = {105-111},
	Title = {{The Guido Engine -- A toolbox for music scores rendering}},
	Year = {2009},
	Bdsk-Url-1 = {lac2009.pdf}}

@inbook{Schottstaedt97,
	Author = {Bill Schottstaedt},
	Booktitle = {Beyond MIDI, The handbook of Musical Codes.},
	Chapter = {16},
	Date-Added = {2014-12-03 15:34:40 +0000},
	Date-Modified = {2014-12-03 15:36:54 +0000},
	Editor = {Eleanor Selfridge-Field},
	Publisher = {MIT Press},
	Title = {Common Music Notation.},
	Year = {1997}}

@inproceedings{assayag:icmc86,
	Author = {G{\'e}rard Assayag and Dan Timis},
	Booktitle = {Proceedings of the International Computer Music Conference},
	Date-Added = {2014-12-03 15:25:47 +0000},
	Date-Modified = {2014-12-03 15:27:01 +0000},
	Pages = {173-178},
	Publisher = {ICMA},
	Title = {A ToolBox for Music Notation.},
	Year = {1986}}

@inproceedings{antoniadis:cim14,
	Author = {Pavlos Antoniadis and Fr{\'e}d{\'e}ric Bevilacqua and Dominique Fober},
	Booktitle = {Proceedings of the 9th Conference on Interdisciplinary Musicology -- CIM14. Berlin, Germany},
	Date-Added = {2014-12-03 13:07:28 +0000},
	Date-Modified = {2014-12-03 13:12:11 +0000},
	Title = {Gesture cutting through textual complexity: Towards a tool for online gestural analysis and control of complex piano notation processing},
	Year = {2014}}

@inproceedings{pottier:dafx98,
	Author = {Laurent Pottier},
	Booktitle = {Proceedings of DafX'98},
	Date-Added = {2014-11-28 14:07:24 +0000},
	Date-Modified = {2014-11-28 14:12:40 +0000},
	Title = {Dynamical spatialisation of sound. HOLOPHON: a graphical and algorithmical editor for ￼Sigma 1},
	Year = {1998}}

@article{assayag1999computer,
	Author = {Assayag, G{\'e}rard and Rueda, Camilo and Laurson, Mikael and Agon, Carlos and Delerue, Olivier},
	Date-Added = {2014-11-28 11:19:26 +0000},
	Date-Modified = {2014-11-28 11:19:26 +0000},
	Journal = {Computer Music Journal},
	Number = {3},
	Pages = {59--72},
	Publisher = {MIT Press},
	Title = {Computer-assisted composition at IRCAM: From PatchWork to OpenMusic},
	Volume = {23},
	Year = {1999}}

@book{laurson1996patchwork,
	Author = {Laurson, Mikael},
	Date-Added = {2014-11-28 11:18:54 +0000},
	Date-Modified = {2014-11-28 11:18:54 +0000},
	Publisher = {Sibelius Academy Helsinki},
	Title = {PATCHWORK: A visual programming language and some musical applications},
	Volume = {6},
	Year = {1996}}

@inproceedings{kuuskan:smc10,
	Author = {Kuuskankare Mika and Laurson Mikael},
	Booktitle = {Proceedings of the 7th Sound and Music Computing Conference},
	Date-Added = {2014-11-28 11:14:22 +0000},
	Date-Modified = {2014-11-28 11:15:31 +0000},
	Pages = {429--433},
	Title = {Connecting Graphical Scores To Sound Synthesis In PWGL.},
	Year = {2010}}

@inproceedings{agostini:icmc14,
	Author = {Andrea Agostini and Eric Daubresse and Daniele Ghisi},
	Booktitle = {Proceedings of the ICMC/SMC 2014},
	Date-Added = {2014-11-28 10:56:31 +0000},
	Date-Modified = {2014-11-28 10:58:37 +0000},
	Pages = {308--313},
	Title = {cage: a high-level library for real-time computer-aided composition},
	Year = {2014}}

@misc{cage1,
	Author = {John Cage},
	Date-Added = {2014-11-21 11:02:54 +0000},
	Date-Modified = {2014-11-21 11:02:54 +0000},
	Howpublished = {Henmar Press, New York},
	Title = {Variation I},
	Year = {1960}}

@inproceedings{anonb,
	Author = {Anonymous},
	Date-Added = {2014-11-18 10:21:33 +0000},
	Date-Modified = {2014-11-18 10:22:35 +0000},
	Title = {Reference removed for anonymity.},
	Year = {0000}}

@article{brown:ondecember,
	Author = {Earle Brown},
	Date-Added = {2014-11-14 10:32:15 +0000},
	Date-Modified = {2014-11-14 10:32:15 +0000},
	Journal = {American Music},
	Number = {1},
	Pages = {1-12},
	Title = {On {D}ecember 1952},
	Volume = {26},
	Year = {2008}}

@inproceedings{hoadley14,
	Author = {Richard Hoadley},
	Booktitle = {Proceedings of the ICMC/SMC 2014},
	Date-Added = {2014-10-27 11:09:26 +0000},
	Date-Modified = {2015-06-23 09:21:21 +0000},
	Keywords = {inscore},
	Pages = {115--120},
	Title = {December Variation (on a Theme by Earle Brown)},
	Year = {2014}}

@inproceedings{fober14c,
	Abstract = {This article addresses music representation issues in the context of the contemporary music creation and performance. It exposes the main challenges in terms of music notation and representation, in regard of the new forms of music and with an emphasis on interactive music issues. It presents INScore, an environment for the design of augmented, interactive music scores that has been developed in response to current artistic evolutions. It gives an overview of the system with a presentation of its main features and highlights on the main technologies involved. Concrete examples of use with recent music creations, composers' viewpoint and an electro-acoustic piece modeling will also be given.},
	Author = {Dominique Fober and Yann Orlarey and St{\'e}phane Letz},
	Booktitle = {Proceedings of Korean Electro-Acoustic Music Society's 2014 Annual Conference [KEAMSAC2014]},
	Date-Added = {2014-10-09 05:15:02 +0000},
	Date-Modified = {2018-04-20 11:38:14 +0000},
	Pages = {85--91},
	Title = {Augmented {I}nteractive {S}cores for {M}usic {C}reation},
	Year = {2014}}

@inproceedings{Fober:13b,
	Abstract = {INScore is an environment for the design of interactive music scores that includes an original event-based interaction system and a scripting language for associating arbitrary messages to these events. We extended the previous version by supporting scripting languages offering a great flexibility in the description of scores and in the interactions with scores. The textual format is directly derived from the OSC message format that was defined in the original INScore version. This article presents the scripting language and illustrates its ability to describe interactions based on events, while remaining in the temporal space. It also introduces the IRCAM gesture follower and how it is embedded into INScore to provide gestural interaction capabilities..},
	Author = {Dominique Fober and St{\'e}phane Letz and Yann Orlarey and Frederic Bevilacqua},
	Booktitle = {Proceedings of the Sound and Music Computing conference -- SMC'13},
	Date = {2013-01-01},
	Date-Added = {2014-09-19 13:02:39 +0000},
	Date-Modified = {2019-07-15 14:54:09 +0200},
	Keywords = {interaction, synchronization, music, score, graphic, programming},
	Pages = {185-190},
	Title = {{Programming Interactive Music Scores with INScore}},
	Year = {2013},
	Bdsk-Url-1 = {fober-smc2013-final.pdf}}

@inproceedings{berthaut:hal-00807049,
	Abstract = {{Digital musical instruments bring new possibilities for musical performance. They are also more complex for the audience to understand, due to the diversity of their components and the magical aspect of the musicians' actions when compared to acoustic instruments. This complexity results in a loss of liveness and possibly a poor experience for the audience. Our approach, called Rouages, is based on a mixed-reality display system and a 3D visualization application. Rouages reveals the mechanisms of digital musical instruments by amplifying musicians' gestures with virtual extensions of the sensors, by representing the sound compo- nents with 3D shapes and specific behaviors and by showing the impact of musicians' gestures on these components. In its current implementation, it focuses on MIDI controllers as input devices. We believe that Rouages opens up new perspectives for instrument makers and musicians to improve audience experience with their digital musical instruments.}},
	Address = {Daejeon, Cor{\'e}e, R{\'e}publique De},
	Affiliation = {Laboratoire Bordelais de Recherche en Informatique - LaBRI , POTIOC - INRIA Bordeaux - Sud-Ouest , Bristol Interaction and Graphics - BIG},
	Author = {Berthaut, Florent and Marshall, Mark, T. and Subramanian, Sriram and Hachet, Martin},
	Booktitle = {{Proceedings of the Conference on New Interfaces for Musical Expression}},
	Date-Modified = {2015-04-23 14:05:40 +0000},
	Hal_Id = {hal-00807049},
	Language = {Anglais},
	Month = May,
	Pdf = {http://hal.archives-ouvertes.fr/hal-00807049/PDF/rouages.pdf},
	Series = {NIME'13},
	Title = {{Rouages: Revealing the Mechanisms of Digital Musical Instruments to the Audience}},
	Year = {2013},
	Bdsk-Url-1 = {http://hal.archives-ouvertes.fr/hal-00807049}}

@inbook{orlarey:09d,
	Abstract = {FAUST is a programming language that provides a purely functional approach to signal processing while offering a high level of performance. FAUST aims at being complementary to existing audio languages by offering a viable and efficient alternative to C/C++ to develop signal processing libraries, audio plug-ins or standalone applications. The language is based on a simple and well defined formal semantics. A FAUST program denotes a signal processor, a mathematical function that transforms input signals into output signals. Being able to know precisely what a program computes is important not only for programmers, but also for compilers needing to generate the best possible code. Moreover these semantics questions are crucial for the long term preservation of music programs. The following paragraphs will give an overview of the language as well as a description of the compiler, including the generation of parallel code.},
	Author = {Yann Orlarey and Dominique Fober and Stephane Letz},
	Booktitle = {NEW COMPUTATIONAL PARADIGMS FOR COMPUTER MUSIC},
	Date = {2009-01-01},
	Date-Added = {2014-08-04 15:31:07 +0000},
	Date-Modified = {2014-11-24 09:14:09 +0000},
	Keywords = {real-time, compiler, dataflow, signal, functional, programming, processing},
	Pages = {65--96},
	Publisher = {Editions DELATOUR FRANCE},
	Title = {FAUST : an Efficient Functional Approach to DSP Programming},
	Year = {2009},
	Bdsk-Url-1 = {faust-chapter.pdf}}

@inproceedings{solomon:2014a,
	Abstract = {The GUIDO project gathers a textual format for music representation, a rendering engine operating on this format, and a library providing a high level support for all the services related to the GUIDO format and it's graphic rendering. The project includes now an HTTP server that allows users to access the musical-score-related functions in the API of the GUIDOEngine library via uniform resource identifiers (URIs). This article resumes the core tenants of the REST architecture on which the GUIDO server is based, going on to explain how the server ports a C/C++ API to the web. It concludes with several examples as well as a discussion of how the REST architecture is well suited to a web-API that serves as a wrapper for another API.},
	Address = {Karlsruhe, Allemagne},
	Author = {Solomon, Mike and Fober, Dominique and Orlarey, Yann and Letz, St{\'e}phane},
	Booktitle = {Proceedings of the Linux Audio Conference},
	Date = {2014-01-01},
	Date-Modified = {2018-04-20 11:38:40 +0000},
	Keywords = {Guido; Music score; restful web service, inscore},
	Pages = {91-96},
	Title = {{Providing Music Notation Services over Internet}},
	Url = {solomon14a.pdf},
	Year = {2014},
	Bdsk-Url-1 = {solomon14a.pdf}}

@inproceedings{solomon:2014b,
	Abstract = {La librairie Guido embarque un moteur de rendu de partitions musicales et fournit une API de haut niveau pour un ensemble de services li{\'e}s au rendu de partition. Cette librairie est d{\'e}sormais embarqu{\'e}e dans un serveur HTTP qui permet d'acc{\'e}der {\`a} son interface par le biais d'identifiants de ressource uniformes (URI). Apr{\`e}s avoir d{\'e}crit le style d'architecture representational state transfer (REST) sur lequel repose le serveur, l'article montre comment l'API C/C++ de la librairie est rendue accessible sous forme de requ{\^e}tes HTTP.},
	Address = {Bourges, France},
	Author = {Solomon, Mike and Fober, Dominique and Orlarey, Yann and Letz, St{\'e}phane},
	Booktitle = {Actes des Journ{\'e}es d'Informatique Musicale},
	Date = {2014-01-01},
	Date-Modified = {2018-04-20 11:38:49 +0000},
	Keywords = {Partition musicale; music notation; Web API; RESTFUL, inscore},
	Pages = {42-46},
	Title = {{D{\'e}ploiement des services du moteur de rendu de partitions GUIDO sur Internet}},
	Url = {solomon14b.pdf},
	Year = {2014},
	Bdsk-Url-1 = {solomon14b.pdf}}

@inproceedings{leroi:14,
	Abstract = {Le projet GUIDO regroupe {\`a} la fois un format textuel de description de partitions musicales, un moteur de rendu bas{\'e} sur ce format, et une librairie qui fournit aux d{\'e}veloppeurs d'applications, un support de haut niveau pour l'ensemble des services li{\'e}s au format GUIDO et {\`a} son rendu sous forme graphique. A l'origine, le projet GUIDO traite de la notation traditionnelle de la musique occidentale. Le projet a {\'e}t{\'e} r{\'e}cemment {\'e}tendu, tant du point de vue du format que du point de vue du rendu, pour adresser {\'e}galement les besoins les plus courants de la musique contemporaine. Cet article pr{\'e}sente ces extensions et montre comment les choix de design fournissent {\`a} l'utilisateur une large palette de solutions pour la notation de la musique.},
	Address = {Bourges, France},
	Author = {Le Roi, Camille and Decron, Colas and Fober, Dominique},
	Booktitle = {Actes des Journ{\'e}es d'Informatique Musicale},
	Date = {2014-01-01},
	Date-Modified = {2018-04-20 11:38:30 +0000},
	Keywords = {partition musicale, Music notation, GUIDO, inscore},
	Pages = {17-24},
	Title = {{Extension de Guido aux notations contemporaines}},
	Url = {leroi-decron14.pdf},
	Year = {2014},
	Bdsk-Url-1 = {leroi-decron14.pdf}}

@techreport{fober13c,
	Abstract = {Ce rapport pr{\'e}sente une {\'e}tude pr{\'e}liminaire r{\'e}alis{\'e}e dans le cadre du projet ANR INEDIT. L'objectif est de d{\'e}finir les {\'e}l{\'e}ments de caract{\'e}risation des processus musicaux et la mani{\'e}re de les repr{\'e}senter, pouvant servir notamment {\`a} une repr{\'e}sentation des processus musicaux au sein de la partition musicale.},
	Author = {Fober, Dominique},
	Date = {2013-01-01},
	Editor = {Grame},
	Keywords = {music score, visualisation, processus},
	Title = {Caract{\'e}risation et repr{\'e}sentation des processus musicaux.},
	Url = {inedit-l2.1.a.pdf},
	Year = {2013},
	Bdsk-Url-1 = {inedit-l2.1.a.pdf}}

@inproceedings{fober12b,
	Abstract = {Based on the Guido Music Notation format, we have developed tools for music score ''composition'', i.e. operators that take scores both as target and arguments of high level transformations, applicable for example to the time domain (e.g. cutting the head or the tail of a score) or to the structural domains (e.g. putting scores in sequence or in parallel). Providing these operations at score level is particularly convenient to express music ideas and to compose these ideas in an homogeneous representation space. However, scores level composition gives raise to a set of issues related to the music notation consistency. This paper introduces the GUIDO Music Notation format, presents the score com- position operations, the notation issues and a proposal to solve them.},
	Author = {Dominique Fober and Yann Orlarey and St{\'e}phane Letz},
	Booktitle = {Proceedings of the International Computer Music Conference},
	Date = {2012-09-13},
	Date-Modified = {2019-07-15 14:40:05 +0200},
	Editor = {ICMA},
	Keywords = {music score, composition, inscore},
	Pages = {383--386},
	Title = {{Scores Level Composition Based on the Guido Music Notation}},
	Year = {2012},
	Bdsk-Url-1 = {icmc12-fober.pdf}}

@inproceedings{fober12j,
	Abstract = {Bas{\'e} sur le format de notation musicale Guido , nous avons d{\'e}velopp{\'e} un ensemble d'outils pour la composition de partitions musicales. Il s'agit d'op{\'e}rations de transformation de haut niveau, prenant des partitions en entr{\'e}e pour en g{\'e}n{\'e}rer de nouvelles en sortie. Ces op{\'e}rations peuvent par exemple s'appliquer au domaine temporel (e.g. couper le d{\'e}but ou la fin d'une partition) ou concerner la structure de la partition (mise en s{\'e}quence, en parall{\`e}le).
La d{\'e}finition d'op{\'e}rateurs applicables au niveau de la notation permet d'englober l'expression d'id{\'e}es musicales et leur composition dans une m{\^e}me m{\'e}taphore. Cela soul{\`e}ve toutefois un certain nombres de probl{\`e}mes li{\'e}s {\`a} la coh{\'e}rence de la notation.
Cet article donne un aper{\c c}u du format de notation musicale Guido , puis il pr{\'e}sente les op{\'e}rations de composition de partitions, les probl{\`e}mes qui se posent pour la coh{\'e}rence de la notation et les solutions propos{\'e}es.},
	Author = {Dominique Fober and Yann Orlarey and St{\'e}phane Letz},
	Booktitle = {Actes des Journ{\'e}es d'Informatique Musicale JIM2012},
	Date = {2012-05-11},
	Date-Modified = {2015-06-23 09:36:39 +0000},
	Editor = {JIM},
	Keywords = {score, processing, inscore},
	Pages = {263--267},
	Title = {Composition de partitions musicales},
	Url = {fober-jim2012.pdf},
	Year = {2012},
	Bdsk-Url-1 = {fober-jim2012.pdf}}

@inproceedings{McLeod03,
	Author = {Philip McLeod and Geoff Wyvill},
	Booktitle = {Computer Graphics International 2003},
	Date-Added = {2014-08-01 12:46:37 +0000},
	Date-Modified = {2014-08-01 12:46:37 +0000},
	Local-Url = {file://localhost/Volumes/Documents/IST/VEMUS/User%20requirements/MER%20papers/Visualization_of_Musical_Pitch.pdf},
	Title = {Visualization of Musical Pitch.},
	Year = {2003}}

@inproceedings{Levy12a,
	Address = {Ann Arbor, USA},
	Author = {Benjamin L{\'e}vy and Georges Bloch and G{\'e}rard Assayag},
	Booktitle = {NIME},
	Date-Modified = {2014-11-24 09:13:43 +0000},
	Month = {Mai},
	Pages = {137-140},
	Title = {OMaxist Dialectics : Capturing, Visualizing and Expanding Improvisations},
	Year = {2012},
	Bdsk-Url-1 = {http://articles.ircam.fr/textes/Levy12a/}}

@inproceedings{Francois:2007,
	Acmid = {1279798},
	Address = {New York, NY, USA},
	Author = {Fran\c{c}ois, Alexandre R. J. and Chew, Elaine and Thurmond, Dennis},
	Booktitle = {Proceedings of the 7th International Conference on New Interfaces for Musical Expression},
	Date-Modified = {2014-11-24 09:13:17 +0000},
	Doi = {10.1145/1279740.1279798},
	Keywords = {machine improvisation, performer-machine interaction, visualization design},
	Location = {New York, New York},
	Numpages = {4},
	Pages = {277--280},
	Publisher = {ACM},
	Series = {NIME '07},
	Title = {Visual Feedback in Performer-machine Interaction for Musical Improvisation},
	Year = {2007},
	Bdsk-Url-1 = {http://doi.acm.org/10.1145/1279740.1279798},
	Bdsk-Url-2 = {http://dx.doi.org/10.1145/1279740.1279798}}

@webpage{schankler13,
	Author = {Isaac Schankler},
	Date-Added = {2014-07-31 14:42:51 +0000},
	Date-Modified = {2014-11-24 09:09:36 +0000},
	Lastchecked = {Nov. 24 2014},
	Month = {February},
	Title = {NOTATIONAL ALTERNATIVES: BEYOND FINALE AND SIBELIUS},
	Url = {http://www.newmusicbox.org/articles/notational-alternatives-beyond-finale-and-sibelius/},
	Urldate = {Feb 27 2013},
	Year = {2013},
	Bdsk-Url-1 = {http://www.newmusicbox.org/articles/notational-alternatives-beyond-finale-and-sibelius/}}

@misc{cage6,
	Author = {John Cage},
	Date-Added = {2014-07-31 10:24:36 +0000},
	Date-Modified = {2014-07-31 10:25:02 +0000},
	Howpublished = {Henmar Press, New York},
	Title = {Variation VI},
	Year = {1966}}

@misc{cage5,
	Author = {John Cage},
	Date-Added = {2014-07-31 10:23:57 +0000},
	Date-Modified = {2014-07-31 10:24:29 +0000},
	Howpublished = {Henmar Press, New York},
	Title = {Variation V},
	Year = {1965}}

@misc{cage4,
	Author = {John Cage},
	Date-Added = {2014-07-31 10:23:12 +0000},
	Date-Modified = {2014-07-31 10:23:52 +0000},
	Howpublished = {Henmar Press, New York},
	Title = {Variation IV},
	Year = {1963}}

@misc{cage3,
	Author = {John Cage},
	Date-Added = {2014-07-31 10:22:19 +0000},
	Date-Modified = {2014-07-31 10:22:38 +0000},
	Howpublished = {Henmar Press, New York},
	Title = {Variation III},
	Year = {1963}}

@misc{cage:var,
	Author = {John Cage},
	Date-Added = {2014-07-31 10:21:12 +0000},
	Date-Modified = {2014-11-21 11:03:29 +0000},
	Howpublished = {Henmar Press, New York},
	Title = {Variation I-VI},
	Year = {1960-1966}}

@misc{cage2,
	Author = {John Cage},
	Date-Added = {2014-07-31 10:19:47 +0000},
	Date-Modified = {2014-07-31 10:21:37 +0000},
	Howpublished = {Henmar Press, New York},
	Title = {Variation II},
	Year = {1961}}

@misc{stockhausen-refrain,
	Author = {Karlheinz Stockhausen},
	Date-Added = {2014-07-31 09:17:07 +0000},
	Date-Modified = {2014-07-31 09:20:52 +0000},
	Howpublished = {Universal Edition, Vienna},
	Title = {REFRAIN for 3 players},
	Year = {1959}}

@article{json,
	Author = {D. Crockford},
	Date-Added = {2014-02-21 15:27:48 +0000},
	Date-Modified = {2014-02-21 15:27:48 +0000},
	Institution = {IETF},
	Journal = {RFC4627},
	Title = {The application/json Media Type for JavaScript Object Notation ({J}{S}{O}{N})},
	Year = {2006}}

@inbook{orlarey:09c,
	Abstract = {FAUST is a programming language that provides a purely functional approach to signal processing while offering a high level of performance. FAUST aims at being complementary to existing audio languages by offering a viable and efficient alternative to C/C++ to develop signal processing libraries, audio plug-ins or standalone applications. The language is based on a simple and well defined formal semantics. A FAUST program denotes a signal processor, a mathematical function that transforms input signals into output signals. Being able to know precisely what a program computes is important not only for programmers, but also for compilers needing to generate the best possible code. Moreover these semantics questions are crucial for the long term preservation of music programs. The following paragraphs will give an overview of the language as well as a description of the compiler, including the generation of parallel code.},
	Author = {Yann Orlarey and Dominique Fober and Stephane Letz},
	Chapter = {FAUST : an Efficient Functional Approach to DSP Programming},
	Date-Added = {2014-02-21 15:27:48 +0000},
	Date-Modified = {2014-02-21 15:27:48 +0000},
	Editor = {Editions DELATOUR FRANCE},
	Keywords = {real-time, compiler, dataflow, signal, functional, programming, processing},
	Pages = {65--96},
	Title = {NEW COMPUTATIONAL PARADIGMS FOR COMPUTER MUSIC},
	Year = {2009},
	Bdsk-Url-1 = {faust-chapter.pdf}}

@book{Rowe:1992:IMS:530519,
	Address = {Cambridge, MA, USA},
	Author = {Rowe, Robert},
	Date-Added = {2014-02-21 12:08:06 +0000},
	Date-Modified = {2014-02-21 12:08:06 +0000},
	Isbn = {0262680750},
	Publisher = {MIT Press},
	Title = {Interactive Music Systems: Machine Listening and Composing},
	Year = {1992}}

@inproceedings{McLean:2010:VLC:2227180.2227185,
	Acmid = {2227185},
	Address = {Swinton, UK, UK},
	Author = {McLean, Alex and Griffiths, Dave and Collins, Nick and Wiggins, Geraint},
	Booktitle = {Proceedings of the 2010 international conference on Electronic Visualisation and the Arts},
	Date-Added = {2014-02-19 15:45:35 +0000},
	Date-Modified = {2014-02-19 15:45:35 +0000},
	Keywords = {computer game, improvisation, live coding, music, video, visualisation},
	Location = {London, UK},
	Numpages = {5},
	Pages = {26--30},
	Publisher = {British Computer Society},
	Series = {EVA'10},
	Title = {Visualisation of live code},
	Url = {http://dl.acm.org/citation.cfm?id=2227180.2227185},
	Year = {2010},
	Bdsk-Url-1 = {http://dl.acm.org/citation.cfm?id=2227180.2227185}}

@inproceedings{Wang03chuck:a,
	Author = {Ge Wang and Perry R. Cook},
	Booktitle = {Proceedings of International Computer Music Conference},
	Date-Added = {2014-02-19 15:44:48 +0000},
	Date-Modified = {2014-02-19 15:44:48 +0000},
	Editor = {ICMA},
	Pages = {219--226},
	Title = {ChucK: a concurrent, on-the-fly audio programming language},
	Year = {2003}}

@inproceedings{Wang04on-the-flyprogramming:,
	Author = {Ge Wang and Perry R. Cook},
	Booktitle = {Proceedings of the International Conference on New Interfaces for Musical Expression},
	Date-Added = {2014-02-19 15:44:48 +0000},
	Date-Modified = {2015-04-23 14:06:23 +0000},
	Pages = {138--143},
	Series = {NIME'04},
	Title = {On-the-fly Programming: Using Code as an Expressive Musical instrument},
	Year = {2004}}

@inproceedings{Wang04theaudicle,
	Author = {Ge Wang and Perry R. Cook},
	Booktitle = {Proceedings of the International Computer Music Conference},
	Date-Added = {2014-02-19 15:44:48 +0000},
	Date-Modified = {2014-02-19 15:44:48 +0000},
	Editor = {ICMA},
	Title = {The Audicle: a Contextsensitive, On-the-fly Audio Programming Environ/mentality},
	Year = {2004}}

@inproceedings{magnusson:07,
	Author = {Thor Magnusson},
	Booktitle = {Proceedings of the International Computer Music Conference},
	Date-Added = {2014-02-19 15:44:40 +0000},
	Date-Modified = {2014-02-19 15:44:40 +0000},
	Title = {The ixiQuarks: Merging Code and GUI in one Creative Space.},
	Year = {2007}}

@inproceedings{AllombertDA08,
	Author = {Antoine Allombert and Myriam Desainte-Catherine and G{\'e}rard Assayag},
	Booktitle = {Proceedings of the Third International Conference on Digital Interactive Media in Entertainment and Arts, DIMEA 2008, 10-12 September 2008, Athens, Greece},
	Citedby = {0},
	Cites = {0},
	Date-Added = {2014-02-19 15:44:22 +0000},
	Date-Modified = {2014-02-19 15:44:22 +0000},
	Doi = {http://doi.acm.org/10.1145/1413634.1413699},
	Editor = {Sofia Tsekeridou and Adrian David Cheok and Konstantinos Giannakis and John Karigiannis},
	Isbn = {978-1-60558-248-1},
	Pages = {360-367},
	Publisher = {ACM},
	Researchr = {http://researchr.org/publication/AllombertDA08},
	Series = {ACM International Conference Proceeding Series},
	Tags = {writing},
	Title = {Iscore: a system for writing interaction},
	Volume = {349},
	Year = {2008},
	Bdsk-Url-1 = {http://doi.acm.org/10.1145/1413634.1413699}}

@article{puckette91,
	Author = {Miller Puckette},
	Date-Added = {2014-02-19 15:43:53 +0000},
	Date-Modified = {2014-02-19 15:43:53 +0000},
	Journal = {Computer Music Journal},
	Number = {3},
	Pages = {68-77},
	Title = {{Combining Event and Signal Processing in the MAX Graphical Programming Environment}},
	Volume = {15},
	Year = {1991}}

@inproceedings{Puckette96puredata,
	Author = {Miller Puckette},
	Booktitle = {Proceedings of the International Computer Music Conference},
	Date-Added = {2014-02-19 15:43:53 +0000},
	Date-Modified = {2014-02-19 15:43:53 +0000},
	Pages = {37--41},
	Title = {Pure Data: another integrated computer music environment},
	Year = {1996}}

@inproceedings{fober13a,
	Abstract = {INSCORE est un environnement pour la conception de partitions musicales interactives qui int{\`e}gre un syst{\`e}me original d'interaction bas{\'e} sur des {\'e}v{\'e}nements et sur un langage de script permettant d'associer des messages arbitraires {\`a} ces {\'e}v{\'e}nements. Initialement con{\c c}u pour {\^e}tre pilot{\'e} via OSC, la version textuelle des messages OSC s'est rapidement constitu{\'e}e en format de stockage, puis {\'e}tendue en un langage de script permettant une plus grande souplesse dans la description des partitions et des interactions avec ces partitions. Cet article pr{\'e}sente ce langage de script et illustre notamment ses capacit{\'e}s {\`a} d{\'e}crire des interactions sous forme {\'e}v{\'e}nementielle, tout en restant dans l'espace temporel.},
	Author = {Dominique Fober and St{\'e}phane Letz and Yann Orlarey},
	Booktitle = {Actes des Journ{\'e}es d'Informatique Musicale JIM2013, Paris},
	Date = {2013-01-01},
	Date-Added = {2014-01-15 09:03:19 +0000},
	Date-Modified = {2014-01-15 09:03:19 +0000},
	Keywords = {interaction, score, programming, inscore, OSC},
	Title = {Programmation {\'e}v{\'e}nementielle de partitions musicales interactives.},
	Url = {jim2013_11.pdf},
	Year = {2013},
	Bdsk-Url-1 = {jim2013_11.pdf}}

@inproceedings{Fober:14b,
	Abstract = {The paper presents a study about the representation of musical computer processes within a music score. The idea is to provide performers with information that could be useful especially in the context of interactive music. The paper starts with a characterization of a musical computer process in order to define the values to be represented. Next it proposes an approach to time representation suitable to asynchronous processes representation.},
	Author = {Dominique Fober and Yann Orlarey and St{\'e}phane Letz},
	Booktitle = {Proceedings of the ICMC/SMC 2014},
	Date = {2013-01-01},
	Date-Added = {2014-01-15 09:02:52 +0000},
	Date-Modified = {2018-04-20 11:37:35 +0000},
	Keywords = {interaction, synchronization, music, score, graphic, process, inscore},
	Pages = {1604--1609},
	Title = {{R}epresentation of {M}usical {C}omputer {P}rocesses},
	Url = {inscore-processes-final.pdf},
	Year = {2014},
	Bdsk-Url-1 = {fober-smc2013-final.pdf}}

@inproceedings{Gutknecht:2005:GUR:1085939.1085980,
	Acmid = {1085980},
	Address = {Singapore, Singapore},
	Author = {Gutknecht, J\"{u}rg and Clay, Art and Frey, Thomas},
	Booktitle = {Proceedings of the 2005 conference on New interfaces for musical expression},
	Date-Added = {2013-05-31 11:29:33 +0000},
	Date-Modified = {2014-11-24 09:15:29 +0000},
	Keywords = {HCIs, mobile multimedia, score synthesis, sound art, system research, wearable computers},
	Location = {Vancouver, Canada},
	Numpages = {4},
	Pages = {148--151},
	Publisher = {National University of Singapore},
	Series = {NIME '05},
	Title = {GoingPublik: using realtime global score synthesis},
	Year = {2005},
	Bdsk-Url-1 = {http://dl.acm.org/citation.cfm?id=1085939.1085980}}

@inproceedings{winkler2004,
	Author = {Gerhard E. Winkler},
	Booktitle = {Proceedings of the Sound and Music Computing conference - SMC'04},
	Date-Added = {2013-05-31 10:30:27 +0000},
	Date-Modified = {2013-05-31 10:33:17 +0000},
	Title = {The Realtime Score. {A} Missing Link in Computer Music Performance.},
	Year = {2004}}

@inproceedings{Kim-Boyle:2005:MSG:1085939.1086007,
	Acmid = {1086007},
	Address = {Singapore, Singapore},
	Author = {Kim-Boyle, David},
	Booktitle = {Proceedings of the 2005 conference on New interfaces for musical expression},
	Date-Added = {2013-05-31 10:17:17 +0000},
	Date-Modified = {2014-11-24 09:13:31 +0000},
	Keywords = {jitter, score generation},
	Location = {Vancouver, Canada},
	Numpages = {2},
	Pages = {238--239},
	Publisher = {National University of Singapore},
	Series = {NIME '05},
	Title = {Musical score generation in Valses and Etudes},
	Year = {2005},
	Bdsk-Url-1 = {http://dl.acm.org/citation.cfm?id=1085939.1086007}}

@inproceedings{didkovsky2001java,
	Author = {Didkovsky, Nick and Burk, Phil},
	Booktitle = {Proceedings of the International Computer Music Conference},
	Date-Added = {2013-05-30 15:24:29 +0000},
	Date-Modified = {2013-05-30 15:24:29 +0000},
	Pages = {123--126},
	Title = {Java Music Specification Language, an introduction and overview},
	Year = {2001}}

@inproceedings{didkovsky2004recent,
	Author = {Didkovsky, Nick},
	Booktitle = {Proceedings of the 2004 international computer music conference},
	Date-Added = {2013-05-30 15:22:19 +0000},
	Date-Modified = {2013-05-30 15:22:19 +0000},
	Pages = {746--749},
	Title = {Recent Compositions and Performance Instruments Realized in the Java Music Specification Language},
	Year = {2004}}

@article{Baird2004,
	Author = {Baird, Kevin C.},
	Date-Added = {2013-05-30 14:55:40 +0000},
	Date-Modified = {2013-05-30 14:56:59 +0000},
	Journal = {Linux Journal},
	Month = {Dec.},
	Number = {128},
	Pages = {72-76},
	Title = {Generating Music Notation in Real Time.},
	Year = {2004}}

@inproceedings{guedy13a,
	Abstract = {Cet article pr{\'e}sente trois exp{\'e}riences musicales et p{\'e}dagogiques men{\'e}es {\`a} l'Atelier des Feuillantines. Elles s'inscrivent dans le cadre de divers projets nationaux comme « Interlude » ou « Musique Lab 2 ». Certains de ces projets visent {\`a} pr{\'e}figurer ce que pourrait {\^e}tre l'{\'e}coute d'une {\oe}uvre au moyen de technologies de suivi de geste, dans des contextes allant de la p{\'e}dagogie musicale aux installations grand public, d'autres sont explicitement ax{\'e}s sur le d{\'e}veloppement de nouveaux outils croisant p{\'e}dagogie et cr{\'e}ation.
Les trois exp{\'e}riences d{\'e}crites dans cet article appartiennent {\`a} deux grandes cat{\'e}gories. La premi{\`e}re concerne l'utilisation d'un outil associant des gestes, une partition et un enregistrement, la seconde consiste {\`a} jouer une {\oe}uvre, en l'occurrence ici le canon par tons de l'Offrande Musicale de Bach, et une partie de la Rousserolle Effarvatte d'Olivier Messiaen {\`a} partir de leurs constituants de base mat{\'e}rialis{\'e}s par des objets dont la manipulation co{\"\i}ncide avec des traitements reproduisant le « mouvement » de la composition.},
	Author = {Fabrice Guedy and Frederic Bevilacqua and Dominique Fober and Lo{\"\i}c Robert},
	Booktitle = {Actes des Journ{\'e}es d'Informatique Musicale JIM2013, Paris},
	Date-Added = {2013-05-24 07:52:04 +0000},
	Date-Modified = {2013-05-24 07:53:42 +0000},
	Title = {Etudier et jouer une oeuvre musicale en manipulant des objets.},
	Year = {2013}}

@inproceedings{Baird:2005:RGM:1085939.1086008,
	Acmid = {1086008},
	Address = {Singapore, Singapore},
	Author = {Baird, Kevin C.},
	Booktitle = {Proceedings of the 2005 conference on New interfaces for musical expression},
	Date-Modified = {2014-11-24 09:12:40 +0000},
	Keywords = {audience, interactive, lilypond, notation, python, stochastic},
	Location = {Vancouver, Canada},
	Numpages = {2},
	Pages = {240--241},
	Publisher = {National University of Singapore},
	Series = {NIME '05},
	Title = {Real-time generation of music notation via audience interaction using python and GNU lilypond},
	Year = {2005},
	Bdsk-Url-1 = {http://dl.acm.org/citation.cfm?id=1085939.1086008}}

@article{Freeman:2008:ESM:1403124.1403129,
	Acmid = {1403129},
	Address = {Cambridge, MA, USA},
	Author = {Freeman, Jason},
	Doi = {10.1162/comj.2008.32.3.25},
	Issn = {0148-9267},
	Issue_Date = {Fall 2008},
	Journal = {Comput. Music J.},
	Month = sep,
	Number = {3},
	Numpages = {17},
	Pages = {25--41},
	Publisher = {MIT Press},
	Title = {Extreme sight-reading, mediated expression, and audience participation: Real-time music notation in live performance},
	Url = {http://dx.doi.org/10.1162/comj.2008.32.3.25},
	Volume = {32},
	Year = {2008},
	Bdsk-Url-1 = {http://dx.doi.org/10.1162/comj.2008.32.3.25}}

@incollection{bevilacqua10,
	Author = {Bevilacqua, F. and Zamborlin, B. and Sypniewski, A. and Schnell, N. and Gu{\'e}dy, F. and Rasamimanana, N.},
	Booktitle = {In Embodied Communication and Human-Computer Interaction, volume 5934 of Lecture Notes in Computer Science},
	Pages = {73---84},
	Publisher = {Springer Berlin / Heidelberg},
	Title = {Continuous realtime gesture following and recognition},
	Year = {2010}}

@incollection{Bevilacqua2011,
	Author = {Bevilacqua, Fr{\'e}d{\'e}ric and Schnell, Norbert and Rasamimanana, Nicolas and Zamborlin, Bruno and Gu{\'e}dy, Fabrice},
	Booktitle = {Musical Robots and Interactive Multimodal Systems},
	Date-Added = {2013-06-03 10:25:17 +0200},
	Date-Modified = {2013-06-03 10:30:02 +0000},
	Doi = {10.1007/978-3-642-22291-7_8},
	Editor = {Solis, Jorge and Ng, Kia},
	Isbn = {978-3-642-22290-0},
	Pages = {127-142},
	Publisher = {Springer Berlin Heidelberg},
	Series = {Springer Tracts in Advanced Robotics},
	Title = {Online Gesture Analysis and Control of Audio Processing},
	Url = {http://dx.doi.org/10.1007/978-3-642-22291-7_8},
	Volume = {74},
	Year = {2011},
	Bdsk-Url-1 = {http://dx.doi.org/10.1007/978-3-642-22291-7_8}}

@inproceedings{acont08,
	Author = {Arshia Cont},
	Booktitle = {Proceedings of International Computer Music Conference},
	Date-Added = {2013-02-06 14:19:30 +0000},
	Date-Modified = {2019-04-02 12:31:20 +0200},
	Editor = {ICMA},
	Title = {{ANTESCOFO: Anticipatory Synchronization and Control of Interactive Parameters in Computer Music.}},
	Year = {2008}}

@phdthesis{allombert09,
	Abstract = {{Alors que la composition de musique {\'e}lectro-acoustique mobilise de plus en plus d'outils num{\'e}riques, la question de l'interpr{\'e}tation de telles pi{\`e}ces reste ouverte. La plus part du temps, ces pi{\`e}ces sont un enregistrement sur support, d'une organisation temporel d'un mat{\'e}riau sonore. Pendant l'ex{\'e}cution, l'oeuvre est simplement diffus{\'e}e et l'interpr{\`e}te peut uniquement modifier des param{\`e}tres globaux tels que le volume, la balance ou la spatialisation sur le syst{\`e}me d'{\'e}coute. Il ne peut pas interpr{\'e}ter la pi{\`e}ce au sens o{\`u} il pourrait le faire pour une partition classique. Nous souhaiterions que ce type d'interpr{\'e}tation soit possible pour les pi{\`e}ces {\'e}lectro-acoustiques. Cette possibilit{\'e} ne peut {\^e}tre posible que dans le cadre de ``partitions interactives'' capables de s'adapter {\`a} leur environnement (contr{\^o}les de l'interpr{\`e}te, autres musiciens). Dans ce contexte, la partition est ex{\'e}cut{\'e}e par la machine, ce qui conduit {\`a} s'int{\'e}resser {\`a} un probl{\`e}me diff{\'e}rent de celui du suivi de partition. Nous cherchons {\`a} {\'e}laborer un syst{\`e}me constitu{\'e} de deux parties : un environnement de composition assist{\'e}e par ordinateur permettant au compositeur de cr{\'e}er de telles partitions interactives, et une machine d'ex{\'e}cution rendant possible leur interpr{\'e}tation. L'environnement de composition doit disposer d'une repr{\'e}sentation formelle de la musique ``interpr{\'e}table''. Nous nous appuyons donc sur une formalisation de l'interpr{\'e}tation de la musique instrumentale, et cherchons alors {\`a} la g{\'e}n{\'e}raliser {\`a} des pi{\`e}ces impliquant des processus g{\'e}n{\'e}riques {\`a} la place des notes. Nous focalisons notre {\'e}tude sur un certain aspet de l'interpr{\'e}tation : les variations agogiques, c'est {\`a} dire la possibilit{\'e} pour l'interpr{\`e}te de modifier les date d'occurrence d'{\'e}v{\'e}nements discrets de la pi{\`e}ces pendant l'ex{\'e}cution. Ces modifications de dates sont accessibles grace {\`a} des ``point d'interactions'' (d{\'e}buts, fins, ou points interm{\'e}diaires) des processus, dont la position temporelle permet de contr{\^o}ler la temporalit{\'e} de la pi{\`e}ce. Mais ces possibilit{\'e}s sont encadr{\'e}es par le compositeur {\`a} la cr{\'e}ation de la partition (comme dans le cas de musique instrumentale). Ces contraintes sont le r{\'e}sultats d'une d{\'e}marche de composition, elles permettent {\'e}galement d'{\'e}viter une d{\'e}sorganisation totale de la pi{\`e}ce pendant l'ex{\'e}cution. Nous proposons une repr{\'e}sentation formelle des partitions interactives, bas{\'e}es sur des blocs 2D, telle celle des Maquettes d'OpenMusic ou des Data Structures de Pure Data. Les partitions sont des ensembles d'objets organis{\'e}s sur une ligne de temps ; ces objets sont eux-m{\^e}mes repr{\'e}sent{\'e}s comme des s{\'e}quences de points de contr{\^o}le discrets (d{\'e}but, fin et points interm{\'e}diares). Ils repr{\'e}sentent l'ex{\'e}cution de processus responsables du rendu sonore de la pi{\`e}ce (synth{\`e}se et traintement de signal ou de symboles ou m{\^e}me op{\'e}rations algorithmiques complexes). Pour d{\'e}finir les limites impos{\'e}es {\`a} l'interpr{\'e}tation, le compositeur peut poser des contraintes temporelles entre les points de contr{\^o}le de la pi{\`e}ce ; il peut ainsi imposer un ordre partiel entre les {\'e}v{\'e}nements {\`a} l'aide de contraintes qualitatives, ou utiliser des contraintes quantitatives pour limiter les valeurs possibles des intervalles de temps s{\'e}parant les points de contr{\^o}le. La partition est alors {\`a} la fois compl{\`e}tement sp{\'e}cifi{\'e}e, mais sa temporalit{\'e} reste flexible, laissant ainsi la place {\`a} l'interpr{\'e}tation. De plus, le compositeur peut d{\'e}finir certains points de contr{\^o}le comme ``interactifs'', les rendre ainsi dynamiquement d{\'e}clenchables {\`a} l'arriv{\'e}e d'{\'e}v{\'e}nements ext{\'e}rieurs, suppos{\'e}s se produire pendant l'ex{\'e}cution de la pi{\`e}ce. Ces {\'e}v{\'e}nements peuvent {\^e}tre produits par des interfaces de contr{\^o}le, ou par la d{\'e}tection de situations particuli{\`e}res dans le contexte musical. Lorsqu'une partition est interpr{\'e}t{\'e}e, la machine d'ex{\'e}cution envoie un message aux processus lorsqu'un point de contr{\^o}le doit se produire. Ceci peut {\^e}tre le fait de l'{\'e}coulement du temps pour les points non dynamiques, ou de l'arriv{\'e}e de {\'e}v{\'e}nement ext{\'e}rieur correspondant pour les points dynamiques. Le syst{\`e}me s'assure que les contraintes temporelles d{\'e}finies par le compositeur ne sont pas viol{\'e}es. Si l'arriv{\'e}e d'un {\'e}v{\'e}nement ext{\'e}rieur remet en cause la validit{\'e} de contraintes, le syst{\`e}me recalcule les dates de points de contr{\^o}le futurs pour assurer la validit{\'e} des contraintes. L'ordre entre les points peut alors {\^e}tre modifi{\'e}. Ces calculs sont effectu{\'e}s par un algorithme de propagation de contraintes. Le maintien des contraintes temporelles, peut amener le syst{\`e}me {\`a} ignorer des {\'e}v{\'e}nements ext{\'e}rieurs lorsque ceci risque de contredire des contraintes, tout comme il devra simuler l'arriv{\'e}e d'un {\'e}v{\'e}nement dans cas o{\`u} l'absence de ce dernier conduirait {\`a} violer une contrainte. Nous proposons une struture de machine abstraite capable d'ex{\'e}cuter dynamiquemenr les partitions interactives. Celle-ci est bas{\'e}e sur les r{\'e}seaux de Petri et la propagation de contraintes. Nous donnons un algorithme pour compiler les partitions depuis leur descritption formelle vers une repr{\'e}sentation ex{\'e}cutable par la machine. Nous avons {\'e}galement d{\'e}velopp{\'e} un prototype dans OpenMusic, sous la forme d'une extension des Maquettes pour l'{\'e}dition des partitions utilisant un syst{\`e}me de propagation de contraintes. Elle contient {\'e}galement un compilateur de partition et une machine d'ex{\'e}cution envoyant des messages UDP vers des applications tierces. Les partitions sont sauvergard{\'e}es grace {\`a} un format XML d'{\'e}change. Nous pr{\'e}sentons plusieurs applications du syst{\`e}me {\`a} la musique {\'e}lectro-acoustique la musique instrumentale et le th{\'e}{\^a}tre.}},
	Affiliation = {Laboratoire Bordelais de Recherche en Informatique - LaBRI , Sciences et Technologies de la Musique et du Son - STMS},
	Author = {Allombert, Antoine},
	Date-Modified = {2013-03-20 14:54:19 +0100},
	Keywords = {Informatique Musicale, Relations Temporelles, Programmation par Contraintes, Interaction},
	Month = Oct,
	Pdf = {http://tel.archives-ouvertes.fr/tel-00516350/PDF/these-antoine-allombert.pdf},
	School = {Universit\'e Bordeaux 1},
	Title = {Aspects temporels d'un syst\`eme de partitions musicales interactives pour la composition et l'ex\'ecution},
	Url = {http://tel.archives-ouvertes.fr/tel-00516350},
	Year = {2009},
	Bdsk-Url-1 = {http://tel.archives-ouvertes.fr/tel-00516350}}

@misc{dom3ev,
	Abstract = {This specification defines the Document Object Model Events Level 3, a generic platform- and language-neutral event system which allows registration of event handlers, describes event flow through a tree structure, and provides basic contextual information for each event. The Document Object Model Events Level 3 builds on the Document Object Model Events Level 2.},
	Added-At = {2009-01-14T00:43:43.000+0100},
	Author = {H\"ohrmann, Bj\"orn and {Le H\'egaret}, Philippe and Pixley, Tom},
	Biburl = {http://www.bibsonomy.org/bibtex/2d9395fd1b8119ae048acd10c99ec8a46/dret},
	Description = {dret'd bibliography},
	Howpublished = {World Wide Web Consortium, Working Draft WD-DOM-Level-3-Events-20071221},
	Interhash = {33dfb821f36ec4a799156e9e3c32bce4},
	Intrahash = {d9395fd1b8119ae048acd10c99ec8a46},
	Keywords = {imported},
	Month = {December},
	Timestamp = {2009-01-14T00:43:43.000+0100},
	Title = {Document Object Model (DOM) Level 3 Events Specification},
	Topic = {dom3[1]},
	Updates = {dom2events},
	Uri = {http://www.w3.org/TR/2007/WD-DOM-Level-3-Events-20071221},
	Year = 2007}

@inproceedings{Fober:12a,
	Abstract = {INScore is an open source framework for the design of interactive, augmented, live music scores. Augmented music scores are graphic spaces providing representation, composition and manipulation of heterogeneous and arbitrary music objects (music scores but also images, text, signals{\ldots}), both in the graphic and time domains. INScore includes also a dynamic system for the representation of the music performance, considered as a specific sound or gesture instance of the score, and viewed as signals. It integrates an event based interaction mechanism that opens the door to original uses and designs, transforming a score as a user interface or allowing a score self-modification based on temporal events. This paper presents the system features, the underlying formalisms, and introduces the OSC based scripting language.},
	Author = {Dominique Fober and Yann Orlarey and St{\'e}phane Letz},
	Booktitle = {Proceedings of the Linux Audio Conference -- LAC 2012},
	Date = {2012-01-01},
	Date-Added = {2012-10-09 08:04:07 +0000},
	Date-Modified = {2019-07-15 14:52:42 +0200},
	Keywords = {interaction, synchronization, music, score, graphic, inscore},
	Pages = {47-54},
	Title = {{INScore - An Environment for the Design of Live Music Scores}},
	Year = {2012},
	Bdsk-Url-1 = {INScore-ID12-2.pdf}}

@article{olmos12,
	Author = {Adriana Olmos and Nicolas Bouillot and Trevor Knight and Nordhal Mabire and Josh Redel and Jeremy R. Cooperstock},
	Date-Added = {2012-10-02 13:42:33 +0000},
	Date-Modified = {2012-10-02 13:44:15 +0000},
	Journal = {Computer Music Journal},
	Number = {2},
	Pages = {55-73},
	Title = {A High-Fidelity Orchestra Simulator for Individual Musicians' Practice},
	Volume = {36},
	Year = {2012}}

@inproceedings{didko08,
	Author = {Nick Didkovsky and Georg Hajdu},
	Booktitle = {Proceedings of International Computer Music Conference},
	Date-Added = {2012-09-26 13:43:44 +0000},
	Date-Modified = {2012-09-26 13:44:54 +0000},
	Editor = {ICMA},
	Title = {MAXSCORE: MUSIC NOTATION IN MAX/MSP},
	Year = {2008}}

@inproceedings{agostini12b,
	Author = {Andrea Agostini and Daniele Ghisi},
	Booktitle = {Proceedings of International Computer Music Conference},
	Date-Added = {2012-09-26 13:27:01 +0000},
	Date-Modified = {2012-09-26 13:27:01 +0000},
	Editor = {ICMA},
	Pages = {373-378},
	Title = {BACH: AN ENVIRONMENT FOR COMPUTER-AIDED COMPOSITION IN MAX},
	Year = {2012}}

@inproceedings{hajdu12,
	Author = {Georg Hajdu and Nick Didkovsky},
	Booktitle = {Proceedings of International Computer Music Conference},
	Date-Added = {2012-09-26 13:27:01 +0000},
	Date-Modified = {2012-09-26 13:27:01 +0000},
	Editor = {ICMA},
	Pages = {156-162},
	Title = {MAXSCORE -- CURRENT STATE OF THE ART},
	Year = {2012}}

@webpage{daske10,
	Author = {Martin Daske},
	Date-Added = {2012-09-21 14:59:21 +0000},
	Date-Modified = {2012-09-21 15:02:55 +0000},
	Title = {Foliants},
	Url = {http://www.tribordstudio.de/foliants%20english.htm},
	Year = {1986},
	Bdsk-Url-1 = {http://www.tribordstudio.de/foliants%20english.htm}}

@inproceedings{vickery12,
	Author = {Lindsay Vickery and Cat Hope and Stuart James},
	Booktitle = {Proceedings of International Computer Music Conference},
	Date-Added = {2012-09-21 14:52:50 +0000},
	Date-Modified = {2012-09-21 14:54:18 +0000},
	Editor = {ICMA},
	Pages = {426-432},
	Title = {Digital adaptations of the scores for Cage Variations I, II and III},
	Year = {2012}}

@misc{schnebel69,
	Author = {Dieter Schnebel},
	Date-Added = {2012-09-21 14:46:01 +0000},
	Date-Modified = {2012-09-21 14:46:46 +0000},
	Howpublished = {K{\"o}ln},
	Title = {Mo-No: Music to Read},
	Year = {1969}}

@misc{brown52,
	Author = {Earle Brown},
	Date-Added = {2012-09-21 14:40:15 +0000},
	Date-Modified = {2012-09-26 08:27:51 +0000},
	Howpublished = {Associated Music Publishers, New York},
	Title = {December 1952},
	Year = {1959}}

@book{bosseur2005,
	Address = {Paris},
	Author = {Jean Yves Bosseur},
	Date-Added = {2012-09-21 14:36:40 +0000},
	Date-Modified = {2012-09-21 14:39:19 +0000},
	Publisher = {Editions Alternatives},
	Title = {Du son au signe},
	Year = {2005}}

@webpage{pottier04,
	Author = {Laurent Pottier},
	Date-Added = {2012-09-21 14:29:00 +0000},
	Date-Modified = {2014-11-24 09:09:55 +0000},
	Lastchecked = {Nov. 24 2014},
	Title = {Analyse de {T}urenas - {J}ohn {C}howning, coll. {P}ortraits {P}olychromes, {P}aris : {INA-GRM}},
	Url = {http://www.institut-national-audiovisuel.fr/sites/ina/medias/upload/grm/portraits-polychromes/extraits/chowning/analyse/turenas/turenas_app.html},
	Year = {2004},
	Bdsk-Url-1 = {http://www.institut-national-audiovisuel.fr/sites/ina/medias/upload/grm/portraits-polychromes/extraits/chowning/analyse/turenas/turenas_app.html}}

@url{pottier12,
	Author = {Laurent Pottier},
	Date-Added = {2012-09-21 14:20:23 +0000},
	Date-Modified = {2014-11-24 09:09:47 +0000},
	Lastchecked = {Nov. 24 2014},
	Title = {Analyse de {T}urenas - {J}ohn {C}howning},
	Url = {http://www.institut-national-audiovisuel.fr/sites/ina/medias/upload/grm/portraits-polychromes/extraits/chowning/analyse/turenas/turenas_app.html},
	Urldate = {2004},
	Bdsk-Url-1 = {http://www.institut-national-audiovisuel.fr/sites/ina/medias/upload/grm/portraits-polychromes/extraits/chowning/analyse/turenas/turenas_app.html}}

@webpage{wehinger12,
	Author = {Rainer Wehinger},
	Date-Added = {2012-09-21 14:13:10 +0000},
	Date-Modified = {2014-11-24 09:21:59 +0000},
	Lastchecked = {Nov. 24 2014},
	Month = {last checked Nov. 24 2014},
	Title = {Ligeti - {A}rtikulation : An Aural Score},
	Url = {http://www.youtube.com/watch?v=71hNl_skTZQ},
	Urldate = {Nov. 24 2014},
	Year = {1970},
	Bdsk-Url-1 = {http://www.youtube.com/watch?v=71hNl_skTZQ}}

@article{magnuss11,
	Author = {Thor Magnusson},
	Date-Added = {2012-09-21 14:09:28 +0000},
	Date-Modified = {2012-09-21 14:10:23 +0000},
	Journal = {Leonardo Music Journal},
	Pages = {19-23},
	Title = {Algorithms as Scores: Coding Live Music},
	Volume = {21},
	Year = {2011}}

@article{kojs11,
	Author = {Juraj Kojs},
	Date-Added = {2012-09-21 12:56:37 +0000},
	Date-Modified = {2012-09-21 13:33:36 +0000},
	Journal = {Leonardo Music Journal},
	Pages = {65-72},
	Title = {Notating Actiont-Based Music},
	Volume = {21},
	Year = {2011}}

@article{freeman11,
	Author = {Jason Freeman},
	Date-Added = {2012-09-21 12:51:42 +0000},
	Date-Modified = {2012-09-21 12:53:35 +0000},
	Journal = {Leonardo Music Journal},
	Number = {15-16},
	Title = {Bringing Instrumental Musicians into Interactive Music Systems through Notation},
	Volume = {21},
	Year = {2011}}

@inproceedings{couprie12,
	Author = {Pierre Couprie},
	Booktitle = {Actes des Journ{\'e}es d'Informatique Musicale JIM2012, Mons},
	Date-Added = {2012-09-14 20:40:38 +0200},
	Date-Modified = {2012-09-14 20:42:08 +0200},
	Editor = {Numediart},
	Pages = {183-189},
	Title = {EANALYSIS : AIDE A L'ANALYSE DE LA MUSIQUE ELECTROACOUSTIQUE},
	Year = {2012}}

@inproceedings{Essl12,
	Author = {Georg Essl},
	Booktitle = {Proceedings of International Computer Music Conference},
	Date-Added = {2012-09-12 08:17:00 +0200},
	Date-Modified = {2012-09-12 08:17:58 +0200},
	Editor = {ICMA},
	Pages = {76-83},
	Title = {PLAYING WITH TIME - MANIPULATION OF TIME AND RATE IN A MULTI-RATE SIGNAL PROCESSING PIPELINE},
	Year = {2012}}

@inproceedings{Hoadley12,
	Author = {Richard Hoadley},
	Booktitle = {Proceedings of International Computer Music Conference},
	Date-Added = {2012-09-12 08:13:43 +0200},
	Date-Modified = {2015-06-23 09:21:31 +0000},
	Editor = {ICMA},
	Keywords = {inscore},
	Pages = {188-193},
	Title = {CALDER'S VIOLIN: REAL-TIME NOTATION AND PERFORMANCE THROUGH MUSICALLY EXPRESSIVE ALGORITHMS},
	Year = {2012}}

@article{Allen:1983:MKT:182.358434,
	Acmid = {358434},
	Address = {New York, NY, USA},
	Author = {Allen, James F.},
	Doi = {http://doi.acm.org/10.1145/182.358434},
	Issn = {0001-0782},
	Issue = {11},
	Issue_Date = {Nov. 1983},
	Journal = {Commun. ACM},
	Keywords = {interval reasoning, interval representation, temporal interval},
	Month = {November},
	Numpages = {12},
	Pages = {832--843},
	Publisher = {ACM},
	Title = {Maintaining knowledge about temporal intervals},
	Url = {http://doi.acm.org/10.1145/182.358434},
	Volume = {26},
	Year = {1983},
	Bdsk-Url-1 = {http://doi.acm.org/10.1145/182.358434}}

@article{735872,
	Author = {Hoschka, P.},
	Doi = {10.1109/93.735872},
	Issn = {1070-986X},
	Journal = {Multimedia, IEEE},
	Month = {oct-dec},
	Number = {4},
	Pages = {84 -88},
	Title = {An introduction to the Synchronized Multimedia Integration Language},
	Volume = {5},
	Year = {1998},
	Bdsk-Url-1 = {http://dx.doi.org/10.1109/93.735872}}

@inproceedings{renz02b,
	Author = {Kai Renz},
	Booktitle = {Proceedings of International Computer Music Conference},
	Date-Added = {2011-04-05 10:44:51 +0200},
	Date-Modified = {2011-05-06 09:25:36 +0200},
	Pages = {475--481},
	Title = {An Improved Algorithm for Spacing a Line of Music},
	Year = {2002}}

@book{Ware:2008,
	Author = {Ware, Colin},
	Date-Added = {2011-04-04 13:47:06 +0200},
	Date-Modified = {2011-04-04 13:48:22 +0200},
	Publisher = {Morgan Kaufmann Publishers Inc.},
	Title = {Visual Thinking: For Design},
	Year = {2008}}

@inproceedings{couprie08,
	Author = {Pierre Couprie},
	Booktitle = {Actes des Journ{\'e}es d'Informatique Musicale JIM'08 - Albi},
	Date-Added = {2011-03-25 16:30:00 +0100},
	Date-Modified = {2011-03-25 16:33:19 +0100},
	Pages = {115--121},
	Title = {iAnalyse : un logiciel d'aide {\`a} l'analyse musicale.},
	Year = {2008}}

@book{Ware:2000:IVP:329554,
	Address = {San Francisco, CA, USA},
	Author = {Ware, Colin},
	Isbn = {1-55860-511-8},
	Publisher = {Morgan Kaufmann Publishers Inc.},
	Title = {Information visualization: perception for design},
	Year = {2000}}

@incollection{Card:1999:UVT:300679.300826,
	Acmid = {300826},
	Address = {San Francisco, CA, USA},
	Author = {Card, Stuart K. and Mackinlay, Jock D. and Shneiderman, Ben},
	Chapter = {Using vision to think},
	Editor = {Card, Stuart K. and Mackinlay, Jock D. and Shneiderman, Ben},
	Isbn = {1-55860-533-9},
	Numpages = {3},
	Pages = {579--581},
	Publisher = {Morgan Kaufmann Publishers Inc.},
	Title = {Readings in information visualization},
	Url = {http://portal.acm.org/citation.cfm?id=300679.300826},
	Year = {1999},
	Bdsk-Url-1 = {http://portal.acm.org/citation.cfm?id=300679.300826}}

@inproceedings{Fober:10c,
	Author = {D. Fober and C. Daudin and Y. Orlarey and S. Letz},
	Booktitle = {Proceedings of the Sound and Music Computing conference - SMC'10},
	Date-Added = {2011-03-15 17:00:17 +0100},
	Date-Modified = {2015-06-23 09:21:47 +0000},
	Keywords = {inscore},
	Pages = {233-240},
	Title = {INTERLUDE - A FRAMEWORK FOR AUGMENTED MUSIC SCORES},
	Year = {2010}}

@inproceedings{fober:10b,
	Author = {D. Fober and C. Daudin and S. Letz and Y. Orlarey},
	Booktitle = {Proceedings of the International Computer Music Conference},
	Date-Added = {2011-03-15 17:00:17 +0100},
	Date-Modified = {2015-06-23 09:21:55 +0000},
	Editor = {ICMA},
	Keywords = {inscore},
	Pages = {458-461},
	Title = {Time Synchronization in Graphic Domain - A new paradigm for Augmented Music Scores},
	Year = {2010}}

@inproceedings{fober:10a,
	Author = {D. Fober and C. Daudin and S. Letz and Y. Orlarey},
	Booktitle = {Actes des Journ{\'e}es d'Informatique Musicale JIM2010, Rennes},
	Date-Added = {2011-03-15 17:00:17 +0100},
	Date-Modified = {2015-06-23 09:20:42 +0000},
	Editor = {JIM},
	Keywords = {inscore},
	Pages = {97-103},
	Title = {Partitions musicales augment{\'e}es},
	Year = {2010}}

@inproceedings{sonic06,
	Author = {Chris Cannam and Christian Landone and Mark Sandler and Juan Pablo Bello},
	Booktitle = {Proceedings of the 7th International Conference on Music Information Retrieval},
	Date-Added = {2010-06-09 15:34:14 +0200},
	Date-Modified = {2010-06-09 15:36:18 +0200},
	Title = {The Sonic Visualiser: A Visualisation Platform for Semantic Descriptors from Musical Signals},
	Year = {2006}}

@inproceedings{anon,
	Author = {Author Anonymous},
	Booktitle = {Proceedings of the {A}nonymous {C}omputer {M}usic {C}onference (ACMC)},
	Date-Added = {2010-04-08 18:48:54 +0200},
	Date-Modified = {2010-04-09 09:33:22 +0200},
	Title = {Anonymous Paper},
	Year = {0000}}

@inproceedings{ACOUSM04,
	Author = {Yann Geslin and Adrien Lefevre},
	Booktitle = {ICMC'04: Proceedings of the International Computer Music Conference},
	Date-Added = {2010-02-15 11:43:57 +0100},
	Date-Modified = {2010-02-15 11:43:57 +0100},
	Pages = {285--289},
	Publisher = {ICMA},
	Title = {Sound and musical representation: the Acousmographe software},
	Year = {2004}}

@inproceedings{ACOUSM91,
	Author = {Olivier Koechlin and Hughes Vinet},
	Booktitle = {Proceedings of the International Computer Music Conference (ICMC'91)},
	Date-Added = {2010-02-15 11:43:57 +0100},
	Date-Modified = {2010-02-15 11:43:57 +0100},
	Pages = {586-588},
	Publisher = {ICMA},
	Title = {The Acousmographe, a Macinstosh software for the graphical representation of sounds},
	Year = {1991}}

@manual{wright02,
	Author = {Matthew Wright},
	Date-Added = {2010-02-09 14:13:47 +0100},
	Date-Modified = {2010-02-09 14:14:02 +0100},
	Title = {{O}pen {S}ound {C}ontrol 1.0 {S}pecification},
	Year = {2002},
	Bdsk-Url-1 = {http://opensoundcontrol.org/spec-1_0}}

@inproceedings{Fober:04c,
	Author = {D. Fober and S. Letz and Y. Orlarey and A. Askenfeld and K. Falkenberg Hansen and E. Schoonderwaldt},
	Booktitle = {Proceedings of the first Sound and Music Computing conference - SMC'04},
	Date-Added = {2010-02-08 18:55:03 +0100},
	Date-Modified = {2010-02-08 18:55:03 +0100},
	Pages = {97--103},
	Publisher = {IRCAM},
	Title = {IMUTUS - an Interactive Music Tuition System},
	Year = {2004}}

@inproceedings{SCHOON04,
	Author = {Erwin Schoonderwaldt and Anders Askenfelt and Kjetil Falkenberg Hansen},
	Booktitle = {Proceedings of the {I}nternational {C}onference of {I}nteractive {C}omputer {A}ided {L}earning (ICL)},
	Date-Added = {2010-02-08 18:55:03 +0100},
	Date-Modified = {2010-02-08 18:55:03 +0100},
	Location = {Villach, Austria},
	Title = {IMUTUS - an interactive system for learning to play a musical instrument},
	Year = {2004}}

@inproceedings{SCHOON05,
	Author = {Erwin Schoonderwaldt and Anders Askenfelt and Kjetil Falkenberg Hansen},
	Booktitle = {Proceedings of the International Computer Music Conference},
	Date-Added = {2010-02-08 18:55:03 +0100},
	Date-Modified = {2010-02-08 18:55:03 +0100},
	Location = {Barcelona},
	Pages = {431--434},
	Publisher = {ICMA},
	Title = {Design and implementation of automatic evaluation of recorder performance in IMUTUS.},
	Year = {2005}}

@inproceedings{SPY05,
	Author = {S. Raptis and A. Chalamandaris and A. Baxevanis and A. Askenfeld and E. Schoonderwaldt and K. Falkenberg Hansen and D. Fober and S. Letz and Y. Orlarey},
	Booktitle = {Proceedings of the International Computer Music Conference},
	Date-Added = {2010-02-08 18:55:03 +0100},
	Date-Modified = {2010-02-08 18:55:03 +0100},
	Pages = {383--386},
	Publisher = {ICMA},
	Title = {IMUTUS - An effective practicing environment for music tuition.},
	Url = {Barcelona},
	Year = {2005},
	Bdsk-Url-1 = {Barcelona}}

@inproceedings{Fober:07a,
	Author = {D. Fober and S. Letz and Y. Orlarey},
	Booktitle = {Actes des Journ{\'e}es d'Informatique Musicale JIM'07 - Lyon},
	Date-Added = {2010-02-08 18:53:58 +0100},
	Date-Modified = {2010-02-08 18:53:58 +0100},
	Editor = {Grame},
	Pages = {57--63},
	Title = {VEMUS - Une {\'e}cole de musique europ{\'e}enne virtuelle},
	Year = {2007},
	Bdsk-File-1 = {YnBsaXN0MDDSAQIDBFxyZWxhdGl2ZVBhdGhZYWxpYXNEYXRhXxBBLi4vLi4vLi4vLi4vLi4vLi4vc3JjL1ZlbXVzRGV2L2RvYy9hcnRpY2xlcy92ZW11cy92ZW11cy1qaW0wNy5wZGZPEQGmAAAAAAGmAAIAAARMaW9uAAAAAAAAAAAAAAAAAAAAAAAAAAAAAADLFRwkSCsAAAAqESoPdmVtdXMtamltMDcucGRmAAAAAAAAAAAAAAAAAAAAAAAAAAAAAAAAAAAAAAAAAAAAAAAAAAAAAAAAAAAAAAAAACoRjMNV5UsAAAAAAAAAAAAGAAYAAAkgAAAAAAAAAAAAAAAAAAAABXZlbXVzAAAQAAgAAMsVDhQAAAARAAgAAMNV1zsAAAABABwAKhEqACoNtwAqDaMAKg2TACAxuAAYYUMAAL8jAAIAR0xpb246VXNlcnM6AGZvYmVyOgBzcmM6AFZlbXVzRGV2OgBkb2M6AGFydGljbGVzOgB2ZW11czoAdmVtdXMtamltMDcucGRmAAAOACAADwB2AGUAbQB1AHMALQBqAGkAbQAwADcALgBwAGQAZgAPAAoABABMAGkAbwBuABIAO1VzZXJzL2ZvYmVyL3NyYy9WZW11c0Rldi9kb2MvYXJ0aWNsZXMvdmVtdXMvdmVtdXMtamltMDcucGRmAAATAAEvAAAVAAIADP//AAAACAANABoAJABoAAAAAAAAAgEAAAAAAAAABQAAAAAAAAAAAAAAAAAAAhI=}}

@inproceedings{chapuis07,
	Author = {Y. Chapuis and D. Fober and S. Letz and Y. Orlarey and C. Daudin},
	Booktitle = {Actes des Journ{\'e}es d'Informatique Musicale JIM'07 - Lyon},
	Date-Added = {2010-02-08 18:53:58 +0100},
	Date-Modified = {2010-02-08 18:53:58 +0100},
	Editor = {Grame},
	Pages = {18--27},
	Title = {Annotation de partitions musicales dynamiques},
	Year = {2007},
	Bdsk-File-1 = {YnBsaXN0MDDSAQIDBFxyZWxhdGl2ZVBhdGhZYWxpYXNEYXRhXxBYLi4vLi4vLi4vLi4vLi4vLi4vc3JjL1ZlbXVzRGV2L2RvYy9hcnRpY2xlcy9oYW5kd3JpdHRlbi9QYXBpZXJUZW1wL0hhbmR3cml0dGVuX2ZpbmFsLnBkZk8RAegAAAAAAegAAgAABExpb24AAAAAAAAAAAAAAAAAAAAAAAAAAAAAAMsVHCRIKwAAACoOZxVIYW5kd3JpdHRlbl9maW5hbC5wZGYAAAAAAAAAAAAAAAAAAAAAAAAAAAAAAAAAAAAAAAAAAAAAAAAAAAAAAAAAKg57w1XlMAAAAAAAAAAAAAYABwAACSAAAAAAAAAAAAAAAAAAAAAKUGFwaWVyVGVtcAAQAAgAAMsVDhQAAAARAAgAAMNV1yAAAAABACAAKg5nACoOWwAqDbcAKg2jACoNkwAgMbgAGGFDAAC/IwACAF9MaW9uOlVzZXJzOgBmb2JlcjoAc3JjOgBWZW11c0RldjoAZG9jOgBhcnRpY2xlczoAaGFuZHdyaXR0ZW46AFBhcGllclRlbXA6AEhhbmR3cml0dGVuX2ZpbmFsLnBkZgAADgAsABUASABhAG4AZAB3AHIAaQB0AHQAZQBuAF8AZgBpAG4AYQBsAC4AcABkAGYADwAKAAQATABpAG8AbgASAFJVc2Vycy9mb2Jlci9zcmMvVmVtdXNEZXYvZG9jL2FydGljbGVzL2hhbmR3cml0dGVuL1BhcGllclRlbXAvSGFuZHdyaXR0ZW5fZmluYWwucGRmABMAAS8AABUAAgAM//8AAAAIAA0AGgAkAH8AAAAAAAACAQAAAAAAAAAFAAAAAAAAAAAAAAAAAAACaw==}}

@inproceedings{daudin07,
	Author = {C. Daudin and D. Fober and S. Letz and Y. Orlarey and Y. Chapuis},
	Booktitle = {Actes des Journ{\'e}es d'Informatique Musicale JIM'07 - Lyon},
	Date-Added = {2010-02-08 18:53:58 +0100},
	Date-Modified = {2010-02-08 18:53:58 +0100},
	Editor = {Grame},
	Pages = {64--72},
	Title = {Visualisation du jeu instrumental},
	Year = {2007},
	Bdsk-File-1 = {YnBsaXN0MDDSAQIDBFxyZWxhdGl2ZVBhdGhZYWxpYXNEYXRhXxBDLi4vLi4vLi4vLi4vLi4vLi4vc3JjL1ZlbXVzRGV2L2RvYy9hcnRpY2xlcy9jdXJ2ZXMvZGF1ZGluLWppbTA3LnBkZk8RAawAAAAAAawAAgAABExpb24AAAAAAAAAAAAAAAAAAAAAAAAAAAAAAMsVHCRIKwAAACoNxRBkYXVkaW4tamltMDcucGRmAAAAAAAAAAAAAAAAAAAAAAAAAAAAAAAAAAAAAAAAAAAAAAAAAAAAAAAAAAAAAAAAKg3vw1XlKgAAAAAAAAAAAAYABgAACSAAAAAAAAAAAAAAAAAAAAAGY3VydmVzABAACAAAyxUOFAAAABEACAAAw1XXGgAAAAEAHAAqDcUAKg23ACoNowAqDZMAIDG4ABhhQwAAvyMAAgBJTGlvbjpVc2VyczoAZm9iZXI6AHNyYzoAVmVtdXNEZXY6AGRvYzoAYXJ0aWNsZXM6AGN1cnZlczoAZGF1ZGluLWppbTA3LnBkZgAADgAiABAAZABhAHUAZABpAG4ALQBqAGkAbQAwADcALgBwAGQAZgAPAAoABABMAGkAbwBuABIAPVVzZXJzL2ZvYmVyL3NyYy9WZW11c0Rldi9kb2MvYXJ0aWNsZXMvY3VydmVzL2RhdWRpbi1qaW0wNy5wZGYAABMAAS8AABUAAgAM//8AAAAIAA0AGgAkAGoAAAAAAAACAQAAAAAAAAAFAAAAAAAAAAAAAAAAAAACGg==}}

@inproceedings{Fober:07b,
	Author = {D. Fober and S. Letz and Y. Orlarey},
	Booktitle = {Proceedings of the 4th Sound and Music Computing Conference SMC'07 - Lefkada, Greece},
	Date-Added = {2010-02-08 18:53:58 +0100},
	Date-Modified = {2010-02-08 18:53:58 +0100},
	Pages = {117--123},
	Title = {VEMUS - Feedback and Groupware Technologies for Music Instrument Learning},
	Year = {2007},
	Bdsk-File-1 = {YnBsaXN0MDDSAQIDBFxyZWxhdGl2ZVBhdGhZYWxpYXNEYXRhXxA7Li4vLi4vLi4vLi4vLi4vLi4vc3JjL1ZlbXVzRGV2L2RvYy9hcnRpY2xlcy9zbWMwNy92ZW11cy5wZGZPEQGOAAAAAAGOAAIAAARMaW9uAAAAAAAAAAAAAAAAAAAAAAAAAAAAAADLFRwkSCsAAAAqECoJdmVtdXMucGRmAAAAAAAAAAAAAAAAAAAAAAAAAAAAAAAAAAAAAAAAAAAAAAAAAAAAAAAAAAAAAAAAAAAAAAAAACoRKMNV5UcAAAAAAAAAAAAGAAYAAAkgAAAAAAAAAAAAAAAAAAAABXNtYzA3AAAQAAgAAMsVDhQAAAARAAgAAMNV1zcAAAABABwAKhAqACoNtwAqDaMAKg2TACAxuAAYYUMAAL8jAAIAQUxpb246VXNlcnM6AGZvYmVyOgBzcmM6AFZlbXVzRGV2OgBkb2M6AGFydGljbGVzOgBzbWMwNzoAdmVtdXMucGRmAAAOABQACQB2AGUAbQB1AHMALgBwAGQAZgAPAAoABABMAGkAbwBuABIANVVzZXJzL2ZvYmVyL3NyYy9WZW11c0Rldi9kb2MvYXJ0aWNsZXMvc21jMDcvdmVtdXMucGRmAAATAAEvAAAVAAIADP//AAAACAANABoAJABiAAAAAAAAAgEAAAAAAAAABQAAAAAAAAAAAAAAAAAAAfQ=}}

@inproceedings{sloan02,
	Author = {Donald Sloan},
	Booktitle = {Proceedings of MAX2002 - First Musical application using XML International conference},
	Date-Added = {2010-01-11 15:04:38 +0100},
	Date-Modified = {2010-01-11 15:26:52 +0100},
	Pages = {69--73},
	Title = {Learning our lessons from {SMDL}},
	Year = {2002}}

@article{bellini05,
	Author = {Pierfrancesco Bellini and Paolo Nesi and Giorgio Zoia},
	Date-Added = {2010-01-11 14:53:26 +0100},
	Date-Modified = {2010-01-11 15:24:12 +0100},
	Journal = {IEEE MultiMedia},
	Number = {4},
	Pages = {42--49},
	Title = {Symbolic Music Representation in {MPEG}},
	Volume = {12},
	Year = {2005}}

@electronic{castan,
	Author = {Gerd Castan},
	Date-Added = {2010-01-11 12:03:43 +0100},
	Date-Modified = {2010-01-11 12:06:28 +0100},
	Title = {Musical Notation Codes},
	Url = {http://www.music-notation.info/en/compmus/notationformats.html},
	Bdsk-Url-1 = {http://www.music-notation.info/en/compmus/notationformats.html}}

@book{boul2000,
	Date-Added = {2010-01-11 11:52:38 +0100},
	Date-Modified = {2010-01-11 15:24:55 +0100},
	Editor = {Richard Boulanger},
	Publisher = {MIT Press},
	Title = {The {C}sound Book},
	Year = {2000}}

@article{Loy85,
	Author = {D. G. Loy},
	Date-Added = {2010-01-11 11:50:11 +0100},
	Date-Modified = {2010-01-11 15:25:55 +0100},
	Journal = {Computer Music Journal},
	Number = {4},
	Pages = {8--25},
	Title = {Musicians Make a Standard: The {MIDI} Phenomenon.},
	Volume = {9},
	Year = {1985}}

@article{saol99,
	Author = {Eric D. Scheirer and Barry L. Vercoe},
	Date-Added = {2010-01-11 11:41:38 +0100},
	Date-Modified = {2010-01-11 15:26:32 +0100},
	Journal = {Computer Music Journal},
	Number = {2},
	Pages = {31--51},
	Title = {{SAOL}: The {MPEG}-4 Structured Audio Orchestra Language},
	Volume = {23},
	Year = {1999}}

@inbook{Letz:04a,
	Author = {S.Letz and D. Fober and Y.Orlarey},
	Booktitle = {Informatique musicale : du signal au signe musical},
	Date-Added = {2010-01-11 11:34:45 +0100},
	Date-Modified = {2010-01-11 15:25:35 +0100},
	Publisher = {Hermes},
	Title = {Les normes {MIDI} et {MIDIF}iles},
	Year = 2004}

@inbook{SCORE,
	Author = {Leland, Smith},
	Booktitle = {Beyond MIDI, The handbook of Musical Codes.},
	Chapter = {19},
	Date-Added = {2010-01-11 11:30:59 +0100},
	Date-Modified = {2014-12-02 15:58:05 +0000},
	Editor = {Eleanor Selfridge-Field},
	Pages = {252--280},
	Publisher = {MIT Press},
	Title = {Score},
	Year = {1997}}

@inbook{darms,
	Author = {Selfridge-Field, E.},
	Booktitle = {Beyond MIDI, The handbook of Musical Codes.},
	Date-Added = {2010-01-11 11:29:37 +0100},
	Date-Modified = {2014-12-02 16:04:13 +0000},
	Pages = {163--174},
	Publisher = {MIT Press},
	Title = {{DARMS}, {I}ts {D}ialiects, and {I}ts {U}ses},
	Year = {1997}}

@inproceedings{dann89,
	Author = {Roger B. Dannenberg},
	Booktitle = {Proceedings of the International Computer Music Conference},
	Date-Added = {2010-01-11 11:06:00 +0100},
	Date-Modified = {2010-01-11 12:24:46 +0100},
	Pages = {73--75},
	Title = {Music Representation Issues: A Position paper},
	Year = {1989}}

@phdthesis{ludo06,
	Author = {Luca A. Ludovico},
	Date-Added = {2010-01-08 18:34:38 +0100},
	Date-Modified = {2010-01-11 15:22:49 +0100},
	School = {Universit{\`a} degli Study de Milano},
	Title = {An {XML} Multi-layer Framework For Music Information Description},
	Year = {2006},
	Bdsk-File-1 = {YnBsaXN0MDDSAQIDBFxyZWxhdGl2ZVBhdGhZYWxpYXNEYXRhXxBzLi4vLi4vLi4vLi4vLi4vLi4vLi4vLi4vVm9sdW1lcy9tYWNkb20vVXNlcnMvZm9iZXIvc3JjL0lOU2NvcmUvc3ZuL2JyYW5jaGVzL3N5bmMvZG9jL3BhcGVycy9waGRfdGhlc2lzLWx1ZG92aWNvLnBkZk8RAfAAAAAAAfAAAgAABm1hY2RvbQAAAAAAAAAAAAAAAAAAAAAAAAAAAMNjdgpIKwAAAJ84uxdwaGRfdGhlc2lzLWx1ZG92aWNvLnBkZgAAAAAAAAAAAAAAAAAAAAAAAAAAAAAAAAAAAAAAAAAAAAAAAAAAAAAAn/DSx20qqAAAAAAAAAAA/////wAACQAAAAAAAAAAAAAAAAAAAAAGcGFwZXJzABAACAAAw2Nn+gAAABEACAAAx20cmAAAAAEAJACfOLsApEuJAKRK0wBZ76QA1KC1AE5FCAALfYgACMKNAAB5iAACAFxtYWNkb206VXNlcnM6AGZvYmVyOgBzcmM6AElOU2NvcmU6AHN2bjoAYnJhbmNoZXM6AHN5bmM6AGRvYzoAcGFwZXJzOgBwaGRfdGhlc2lzLWx1ZG92aWNvLnBkZgAOADAAFwBwAGgAZABfAHQAaABlAHMAaQBzAC0AbAB1AGQAbwB2AGkAYwBvAC4AcABkAGYADwAOAAYAbQBhAGMAZABvAG0AEgBNL1VzZXJzL2ZvYmVyL3NyYy9JTlNjb3JlL3N2bi9icmFuY2hlcy9zeW5jL2RvYy9wYXBlcnMvcGhkX3RoZXNpcy1sdWRvdmljby5wZGYAABMADy9Wb2x1bWVzL21hY2RvbQD//wAAAAgADQAaACQAmgAAAAAAAAIBAAAAAAAAAAUAAAAAAAAAAAAAAAAAAAKO}}

@article{baggi09a,
	Author = {Denis L. Baggy},
	Date-Added = {2010-01-08 15:18:27 +0100},
	Date-Modified = {2010-01-11 15:22:12 +0100},
	Journal = {Journal of Multimedia},
	Month = {February},
	Number = {1},
	Pages = {3--8},
	Title = {The New Standard {IEEE} 1599, Introduction and Examples},
	Volume = {4},
	Year = {2009},
	Bdsk-File-1 = {YnBsaXN0MDDSAQIDBFxyZWxhdGl2ZVBhdGhZYWxpYXNEYXRhXxB0Li4vLi4vLi4vLi4vLi4vLi4vLi4vLi4vVm9sdW1lcy9tYWNkb20vVXNlcnMvZm9iZXIvc3JjL0lOU2NvcmUvc3ZuL2JyYW5jaGVzL3N5bmMvZG9jL2llZWUxNTk5L3BhcGVycy9qbW0wNDAxMDMwOC5wZGZPEQHmAAAAAAHmAAIAAAZtYWNkb20AAAAAAAAAAAAAAAAAAAAAAAAAAADDY3YKSCsAAABwOSgPam1tMDQwMTAzMDgucGRmAAAAAAAAAAAAAAAAAAAAAAAAAAAAAAAAAAAAAAAAAAAAAAAAAAAAAAAAAAAAAAAAAHA5KcaQ35oAAAAAAAAAAP////8AAAkAAAAAAAAAAAAAAAAAAAAABnBhcGVycwAQAAgAAMNjZ/oAAAARAAgAAMaQw3oAAAABACgAcDkoAKRNDwCkS4kApErTAFnvpADUoLUATkUIAAt9iAAIwo0AAHmIAAIAXm1hY2RvbTpVc2VyczoAZm9iZXI6AHNyYzoASU5TY29yZToAc3ZuOgBicmFuY2hlczoAc3luYzoAZG9jOgBpZWVlMTU5OToAcGFwZXJzOgBqbW0wNDAxMDMwOC5wZGYADgAgAA8AagBtAG0AMAA0ADAAMQAwADMAMAA4AC4AcABkAGYADwAOAAYAbQBhAGMAZABvAG0AEgBOL1VzZXJzL2ZvYmVyL3NyYy9JTlNjb3JlL3N2bi9icmFuY2hlcy9zeW5jL2RvYy9pZWVlMTU5OS9wYXBlcnMvam1tMDQwMTAzMDgucGRmABMADy9Wb2x1bWVzL21hY2RvbQD//wAAAAgADQAaACQAmwAAAAAAAAIBAAAAAAAAAAUAAAAAAAAAAAAAAAAAAAKF}}

@book{qt4,
	Author = {Jasmin Blanchette and Mark Summerfield},
	Date-Added = {2010-01-06 09:20:16 +0100},
	Date-Modified = {2010-01-11 15:26:08 +0100},
	Publisher = {Prentice Hall},
	Title = {C++ {GUI} Programming with Qt 4 (2nd Edition)},
	Year = {2008}}

@book{boucou,
	Author = {Andr{\'e} Boucourechliev},
	Date-Added = {2010-01-05 09:53:26 +0100},
	Date-Modified = {2010-01-05 16:06:53 +0100},
	Publisher = {Universal},
	Title = {Archipel 1},
	Year = {1967}}

@inproceedings{good01,
	Author = {Good, Michael},
	Booktitle = {The Virtual Score},
	Date-Added = {2010-01-05 08:36:05 +0100},
	Date-Modified = {2019-01-11 09:43:08 +0100},
	Editor = {W. B. Hewlett and E. Selfridge-Field},
	Pages = {113--124},
	Publisher = {MIT Press},
	Title = {Music{XML} for {N}otation and {A}nalysis.},
	Year = {2001}}

@inproceedings{hoos98,
	Author = {Holger Hoos and Keith Hamel and Kai Renz and J{\"u}rgen Kilian},
	Booktitle = {Proceedings of the International Computer Music Conference},
	Date-Added = {2010-01-05 08:36:05 +0100},
	Date-Modified = {2019-01-11 09:44:09 +0100},
	Organization = {ICMA},
	Pages = {451--454},
	Title = {The {GUIDO} {M}usic {N}otation {F}ormat - A {N}ovel {A}pproach for {A}dequately {R}epresenting {S}core-level {M}usic.},
	Year = {1998},
	Bdsk-File-1 = {YnBsaXN0MDDSAQIDBFxyZWxhdGl2ZVBhdGhZYWxpYXNEYXRhXxBWLi4vLi4vLi4vLi4vLi4vLi4vLi4vdXNyL2xvY2FsL3RleGxpdmUvMjAxOC90ZXhtZi1kaXN0L2RvYy9sYXRleC9vYmVyZGllay9wZGZjb2xtay5wZGZPEQF2AAAAAAF2AAIAAAxNYWNpbnRvc2ggSEQAAAAAAAAAAAAAAAAAAAAAAAAAQkQAAf////8McGRmY29sbWsucGRmAAAAAAAAAAAAAAAAAAAAAAAAAAAAAAAAAAAAAAAAAAAAAAAAAAAAAAAAAAAAAAAAAAAA/////wAAAAAAAAAAAAAAAAAHAAkAAAogY3UAAAAAAAAAAAAAAAAACG9iZXJkaWVrAAIAQy86dXNyOmxvY2FsOnRleGxpdmU6MjAxODp0ZXhtZi1kaXN0OmRvYzpsYXRleDpvYmVyZGllazpwZGZjb2xtay5wZGYAAA4AGgAMAHAAZABmAGMAbwBsAG0AawAuAHAAZABmAA8AGgAMAE0AYQBjAGkAbgB0AG8AcwBoACAASABEABIAQXVzci9sb2NhbC90ZXhsaXZlLzIwMTgvdGV4bWYtZGlzdC9kb2MvbGF0ZXgvb2JlcmRpZWsvcGRmY29sbWsucGRmAAATAAEvAP//AAAACAANABoAJAB9AAAAAAAAAgEAAAAAAAAABQAAAAAAAAAAAAAAAAAAAfc=}}

@inproceedings{Hewlett97,
	Author = {Walter B. Hewlett},
	Booktitle = {Beyond MIDI, The handbook of Musical Codes.},
	Date-Added = {2010-01-05 08:36:05 +0100},
	Date-Modified = {2010-01-05 08:36:05 +0100},
	Editor = {Selfridge-Field E.},
	Pages = {402--447},
	Publisher = {MIT Press},
	Title = {Muse{D}ata: {M}ultipurpose {R}epresentation.},
	Year = {1997}}

@inproceedings{Orlarey:97,
	Author = {Y. Orlarey and D. Fober and S. Letz},
	Booktitle = {Proceedings of the International Computer Music Conference},
	Date-Added = {2010-01-05 08:07:24 +0100},
	Date-Modified = {2010-01-05 08:07:24 +0100},
	Pages = {391--394},
	Publisher = {ICMA},
	Title = {Elody : a Java+MidiShare based Music Composition Environment},
	Year = 1997}

@inproceedings{Fober:04b,
	Author = {D. Fober and S.Letz and Y.Orlarey},
	Booktitle = {Proceedings of the first Sound and Music Computing conference - SMC'04},
	Date-Added = {2010-01-05 08:06:24 +0100},
	Date-Modified = {2010-01-05 08:06:24 +0100},
	Pages = {91--95},
	Publisher = {IRCAM},
	Title = {Open source tools for music representation and notation},
	Year = 2004}

@book{selfridge-field97,
	Date-Added = {2010-01-05 07:54:21 +0100},
	Date-Modified = {2010-01-11 15:26:43 +0100},
	Editor = {Eleanor Selfridge-Field},
	Publisher = {MIT Press},
	Title = {Beyond {MIDI}: the handbook of musical codes},
	Year = 1997}

@book{hewlett01,
	Date-Added = {2010-01-05 07:54:21 +0100},
	Date-Modified = {2010-01-05 07:59:33 +0100},
	Editor = {Walter B. Hewlett and Eleanor Selfridge-Field},
	Publisher = {MIT Press},
	Series = {Computing in Musicology},
	Title = {The Virtual Score; representation, retrieval and restoration},
	Year = 2001}

@book{Stone80,
	Address = {New York},
	Author = {Kurt Stone},
	Date-Added = {2010-01-05 07:52:21 +0100},
	Date-Modified = {2010-01-05 07:52:21 +0100},
	Note = {Heussenstamm writes: The most important book on notation in recent years.},
	Publisher = {Norton},
	Title = {Music Notation in the Twentieth Century},
	Year = {1980}}

@book{brown,
	Author = {Earl Brown},
	Date-Added = {2010-01-05 07:46:14 +0100},
	Date-Modified = {2010-01-05 16:00:01 +0100},
	Publisher = {AMP/G.Schirmer},
	Title = {December 1952},
	Year = {1952}}

@incollection{haus05,
	Author = {Goffredo Haus and Luca A. Ludovico},
	Booktitle = {Computer Music Modeling and Retrieval},
	Date-Added = {2010-01-04 12:16:39 +0100},
	Date-Modified = {2010-01-08 15:23:27 +0100},
	Journal = {Lecture Notes in Computer Science},
	Pages = {330--346},
	Publisher = {Springer Berlin / Heidelberg},
	Title = {Music Segmentation: an XML-Oriented Approach},
	Volume = {3310/2005},
	Year = {2005},
	Bdsk-File-1 = {YnBsaXN0MDDSAQIDBFxyZWxhdGl2ZVBhdGhZYWxpYXNEYXRhXxB2Li4vLi4vLi4vLi4vLi4vLi4vLi4vLi4vVm9sdW1lcy9tYWNkb20vVXNlcnMvZm9iZXIvc3JjL0lOU2NvcmUvc3ZuL2JyYW5jaGVzL3N5bmMvZG9jL2llZWUxNTk5L3BhcGVycy9DTU1SMjAwNF9wb3N0LnBkZk8RAe4AAAAAAe4AAgAABm1hY2RvbQAAAAAAAAAAAAAAAAAAAAAAAAAAAMNjdgpIKwAAAHA5KBFDTU1SMjAwNF9wb3N0LnBkZgAAAAAAAAAAAAAAAAAAAAAAAAAAAAAAAAAAAAAAAAAAAAAAAAAAAAAAAAAAAAAAnjHBx0564AAAAAAAAAAA/////wAACQAAAAAAAAAAAAAAAAAAAAAGcGFwZXJzABAACAAAw2Nn+gAAABEACAAAx05s0AAAAAEAKABwOSgApE0PAKRLiQCkStMAWe+kANSgtQBORQgAC32IAAjCjQAAeYgAAgBgbWFjZG9tOlVzZXJzOgBmb2JlcjoAc3JjOgBJTlNjb3JlOgBzdm46AGJyYW5jaGVzOgBzeW5jOgBkb2M6AGllZWUxNTk5OgBwYXBlcnM6AENNTVIyMDA0X3Bvc3QucGRmAA4AJAARAEMATQBNAFIAMgAwADAANABfAHAAbwBzAHQALgBwAGQAZgAPAA4ABgBtAGEAYwBkAG8AbQASAFAvVXNlcnMvZm9iZXIvc3JjL0lOU2NvcmUvc3ZuL2JyYW5jaGVzL3N5bmMvZG9jL2llZWUxNTk5L3BhcGVycy9DTU1SMjAwNF9wb3N0LnBkZgATAA8vVm9sdW1lcy9tYWNkb20A//8AAAAIAA0AGgAkAJ0AAAAAAAACAQAAAAAAAAAFAAAAAAAAAAAAAAAAAAACjw==}}

@article{baggi09b,
	Author = {Denis Baggi and Goffredo Haus},
	Date-Added = {2010-01-04 12:16:03 +0100},
	Date-Modified = {2010-01-11 15:22:59 +0100},
	Journal = {COMPUTER},
	Month = {March},
	Number = {3},
	Pages = {84--87},
	Title = {{IEEE} 1599: Music Encoding and Interaction},
	Volume = {42},
	Year = {2009},
	Bdsk-File-1 = {YnBsaXN0MDDSAQIDBFxyZWxhdGl2ZVBhdGhZYWxpYXNEYXRhXxB2Li4vLi4vLi4vLi4vLi4vLi4vLi4vLi4vVm9sdW1lcy9tYWNkb20vVXNlcnMvZm9iZXIvc3JjL0lOU2NvcmUvc3ZuL2JyYW5jaGVzL3N5bmMvZG9jL2llZWUxNTk5L3BhcGVycy9tY28yMDA5MDMwMDg0LnBkZk8RAe4AAAAAAe4AAgAABm1hY2RvbQAAAAAAAAAAAAAAAAAAAAAAAAAAAMNjdgpIKwAAAHA5KBFtY28yMDA5MDMwMDg0LnBkZgAAAAAAAAAAAAAAAAAAAAAAAAAAAAAAAAAAAAAAAAAAAAAAAAAAAAAAAAAAAAAAcDkrxpDgFAAAAAAAAAAA/////wAACQAAAAAAAAAAAAAAAAAAAAAGcGFwZXJzABAACAAAw2Nn+gAAABEACAAAxpDD9AAAAAEAKABwOSgApE0PAKRLiQCkStMAWe+kANSgtQBORQgAC32IAAjCjQAAeYgAAgBgbWFjZG9tOlVzZXJzOgBmb2JlcjoAc3JjOgBJTlNjb3JlOgBzdm46AGJyYW5jaGVzOgBzeW5jOgBkb2M6AGllZWUxNTk5OgBwYXBlcnM6AG1jbzIwMDkwMzAwODQucGRmAA4AJAARAG0AYwBvADIAMAAwADkAMAAzADAAMAA4ADQALgBwAGQAZgAPAA4ABgBtAGEAYwBkAG8AbQASAFAvVXNlcnMvZm9iZXIvc3JjL0lOU2NvcmUvc3ZuL2JyYW5jaGVzL3N5bmMvZG9jL2llZWUxNTk5L3BhcGVycy9tY28yMDA5MDMwMDg0LnBkZgATAA8vVm9sdW1lcy9tYWNkb20A//8AAAAIAA0AGgAkAJ0AAAAAAAACAQAAAAAAAAAFAAAAAAAAAAAAAAAAAAACjw==}}

@manual{OSC,
	Author = {Matthew Wright},
	Date-Added = {2010-01-04 12:16:03 +0100},
	Date-Modified = {2013-02-06 13:12:24 +0000},
	Title = {{O}pen {S}ound {C}ontrol 1.0 {S}pecification},
	Url = {http://opensoundcontrol.org/spec-1\_0},
	Year = {2002},
	Bdsk-Url-1 = {http://opensoundcontrol.org/spec-1_0}}

@article{sloan93,
	Author = {Donald Sloan},
	Date-Added = {2010-01-04 12:16:03 +0100},
	Date-Modified = {2010-01-11 15:23:44 +0100},
	Journal = {Computer Music Journal},
	Number = {4},
	Pages = {51--59},
	Title = {Aspects of Music Representation in {H}y{T}ime/{SMDL}},
	Volume = {17},
	Year = {1993}}

@phdthesis{BIRD84,
	Author = {Bird, Donald Alvin},
	Date-Added = {2010-01-04 12:09:46 +0100},
	Date-Modified = {2010-01-04 12:09:46 +0100},
	School = {Indiana University},
	Title = {Music Notation by Computer},
	Year = {1984}}

@article{dann93b,
	Author = {R. B. Dannenberg},
	Date-Added = {2010-01-04 12:09:46 +0100},
	Date-Modified = {2010-01-04 15:51:31 +0100},
	Journal = {Computer Music Journal},
	Number = {3},
	Pages = {20-30},
	Title = {Music Representation Issues, Techniques and Systems},
	Volume = {17},
	Year = {1993}}

@phdthesis{RENZ02,
	Author = {Kai Renz},
	Date-Added = {2010-01-04 12:05:55 +0100},
	Date-Modified = {2010-01-11 15:26:17 +0100},
	School = {Technischen Universit{\"a}t Darmstadt},
	Title = {Algorithms and Data Structures for a Music Notation System based on {GUIDO} Music Notation},
	Year = {2002}}

@inproceedings{lilypond03,
	Author = {Han-Wen Nienhuys and Jan Nieuwenhuizen},
	Booktitle = {Proceedings of the XIV Colloquium on Musical Informatics},
	Date-Added = {2010-01-04 12:04:49 +0100},
	Date-Modified = {2010-01-11 15:25:46 +0100},
	Title = {Lily{P}ond, a system for automated music engraving},
	Year = {2003}}

@article{KUUSK06,
	Author = {Mika Kuuskankare and Mikael Laurson},
	Date-Added = {2010-01-04 12:03:24 +0100},
	Date-Modified = {2019-04-02 12:34:29 +0200},
	Journal = {Computer Music Journal},
	Number = {4},
	Pages = {67--79},
	Title = {{Expressive Notation Package}},
	Volume = {30},
	Year = {2006}}

@inproceedings{Hamel98,
	Author = {Keith Hamel},
	Booktitle = {Proceedings of the International Computer Music Conference.},
	Date-Added = {2010-01-04 11:58:58 +0100},
	Date-Modified = {2010-01-11 15:25:11 +0100},
	Pages = {506--509},
	Title = {Note{A}bility, A Comprehensive Music Notation System.},
	Year = {1998}}

@phdthesis{Agon98,
	Author = {Carlos Agon},
	Date-Added = {2010-01-04 11:57:20 +0100},
	Date-Modified = {2010-01-04 11:58:17 +0100},
	School = {Universit{\'e} Pierre et Marie Curie, Paris 6, France},
	Title = {OpenMusic: un langage de programmation visuelle pour la composition musicale.},
	Year = {1998}}

@article{bresson08,
	Author = {Jean Bresson and Carlos Agon},
	Date-Added = {2009-11-03 10:53:38 +0100},
	Date-Modified = {2009-11-03 10:55:33 +0100},
	Journal = {Computer Music Journal},
	Number = {4},
	Pages = {31-47},
	Title = {Scores, Programs, and Time Representation: The Sheet Object in OpenMusic},
	Volume = {32},
	Year = {2008},
	Bdsk-File-1 = {YnBsaXN0MDDSAQIDBFxyZWxhdGl2ZVBhdGhZYWxpYXNEYXRhXxBMLi4vLi4vLi4vLi4vLi4vRG9tZG9jcy9JU1QvQU5SMjAwOC9zdm4vSW50ZXJsdWRlcy9ldHVkZS9DTUotMzIwNC1wcDMxLTQ3LnBkZk8RAZQAAAAAAZQAAgAACU1hcmNvcG9sbwAAAAAAAAAAAAAAAAAAAAAAAAAAAABCRAAB/////xRDTUotMzIwNC1wcDMxLTQ3LnBkZgAAAAAAAAAAAAAAAAAAAAAAAAAAAAAAAAAAAAAAAAAAAAAAAAAAAAAAAAD/////AAAAAAAAAAAAAAAAAAUABwAACiBjdQAAAAAAAAAAAAAAAAAFZXR1ZGUAAAIASy86VXNlcnM6Zm9iZXI6RG9tZG9jczpJU1Q6QU5SMjAwODpzdm46SW50ZXJsdWRlczpldHVkZTpDTUotMzIwNC1wcDMxLTQ3LnBkZgAADgAqABQAQwBNAEoALQAzADIAMAA0AC0AcABwADMAMQAtADQANwAuAHAAZABmAA8AFAAJAE0AYQByAGMAbwBwAG8AbABvABIASVVzZXJzL2ZvYmVyL0RvbWRvY3MvSVNUL0FOUjIwMDgvc3ZuL0ludGVybHVkZXMvZXR1ZGUvQ01KLTMyMDQtcHAzMS00Ny5wZGYAABMAAS8AABUAAgAM//8AAAAIAA0AGgAkAHMAAAAAAAACAQAAAAAAAAAFAAAAAAAAAAAAAAAAAAACCw==}}

@article{hytime91,
	Address = {New York, NY, USA},
	Author = {Newcomb, Steven R. and Kipp, Neill A. and Newcomb, Victoria T.},
	Date-Modified = {2010-01-11 15:24:00 +0100},
	Doi = {http://doi.acm.org/10.1145/125490.125495},
	Issn = {0001-0782},
	Journal = {Communications of the ACM},
	Number = {11},
	Pages = {67--83},
	Publisher = {ACM},
	Title = {The ``{H}y{T}ime '': hypermedia/time-based document structuring language},
	Volume = {34},
	Year = {1991},
	Bdsk-Url-1 = {http://doi.acm.org/10.1145/125490.125495}}

@comment{BibDesk Static Groups{
<?xml version="1.0" encoding="UTF-8"?>
<!DOCTYPE plist PUBLIC "-//Apple//DTD PLIST 1.0//EN" "http://www.apple.com/DTDs/PropertyList-1.0.dtd">
<plist version="1.0">
<array>
	<dict>
		<key>group name</key>
		<string>Guido</string>
		<key>keys</key>
		<string>hoos98,RENZ02,Fober:04b,leroi:14,solomon:2014a,renz02b,solomon:2014b,fober12b,fober12j,Dau:09b,renz98</string>
	</dict>
	<dict>
		<key>group name</key>
		<string>Imutus</string>
		<key>keys</key>
		<string>Fober:04c,SCHOON04,SPY05,SCHOON05</string>
	</dict>
	<dict>
		<key>group name</key>
		<string>INScore</string>
		<key>keys</key>
		<string>fober12tr,Fober:10c,Hoadley12,fober13a,fober:10b,Fober:12a,Fober:14b,hoadley14,Fober:15b,fober:10a</string>
	</dict>
	<dict>
		<key>group name</key>
		<string>LMJ</string>
		<key>keys</key>
		<string>magnuss11,kojs11,freeman11</string>
	</dict>
	<dict>
		<key>group name</key>
		<string>misc</string>
		<key>keys</key>
		<string>OSC,qt4,Essl12</string>
	</dict>
	<dict>
		<key>group name</key>
		<string>multimedia</string>
		<key>keys</key>
		<string>735872,hytime91,haus05,ludo06,baggi09b,baggi09a,sloan93,sloan02,bellini05</string>
	</dict>
	<dict>
		<key>group name</key>
		<string>Partitions</string>
		<key>keys</key>
		<string>cage:var,brown52,stockhausen-refrain,cage5,vickery12,cage3,cage1,boucou,daske10,schnebel69,cage6,wehinger12,pottier04,cage4,cage2</string>
	</dict>
	<dict>
		<key>group name</key>
		<string>Performance</string>
		<key>keys</key>
		<string>castan,Letz:04a,boul2000,olmos12,saol99,sonic06,Loy85</string>
	</dict>
	<dict>
		<key>group name</key>
		<string>realtime score</string>
		<key>keys</key>
		<string>Baird2004,Baird:2005:RGM:1085939.1086008,Kim-Boyle:2005:MSG:1085939.1086007,Gutknecht:2005:GUR:1085939.1085980,didkovsky2004recent,Freeman:2008:ESM:1403124.1403129</string>
	</dict>
	<dict>
		<key>group name</key>
		<string>Representation</string>
		<key>keys</key>
		<string>hoos98,ACOUSM04,dann89,sloan93,Hewlett97,hytime91,hewlett01,baggi09a,haus05,ludo06,SCORE,dann93b,sonic06,baggi09b,selfridge-field97,darms,couprie12,good01,ACOUSM91,Stone80,bresson08</string>
	</dict>
	<dict>
		<key>group name</key>
		<string>Scores</string>
		<key>keys</key>
		<string>BIRD84,Hamel98,RENZ02,lilypond03,brown:ondecember,didko08,KUUSK06,hajdu12,renz02b,agostini12b,bosseur2005</string>
	</dict>
	<dict>
		<key>group name</key>
		<string>Vemus</string>
		<key>keys</key>
		<string>Fober:07b,chapuis07,daudin07,Fober:07a</string>
	</dict>
	<dict>
		<key>group name</key>
		<string>Visualization</string>
		<key>keys</key>
		<string>McLeod03,Ware:2008,Ware:2000:IVP:329554,Card:1999:UVT:300679.300826</string>
	</dict>
</array>
</plist>
}}

@comment{BibDesk Smart Groups{
<?xml version="1.0" encoding="UTF-8"?>
<!DOCTYPE plist PUBLIC "-//Apple//DTD PLIST 1.0//EN" "http://www.apple.com/DTDs/PropertyList-1.0.dtd">
<plist version="1.0">
<array>
	<dict>
		<key>conditions</key>
		<array>
			<dict>
				<key>comparison</key>
				<integer>2</integer>
				<key>key</key>
				<string>Author</string>
				<key>value</key>
				<string>Orlarey</string>
				<key>version</key>
				<string>1</string>
			</dict>
			<dict>
				<key>comparison</key>
				<integer>2</integer>
				<key>key</key>
				<string>Author</string>
				<key>value</key>
				<string>Fober</string>
				<key>version</key>
				<string>1</string>
			</dict>
			<dict>
				<key>comparison</key>
				<integer>2</integer>
				<key>key</key>
				<string>Author</string>
				<key>value</key>
				<string>Letz</string>
				<key>version</key>
				<string>1</string>
			</dict>
			<dict>
				<key>comparison</key>
				<integer>2</integer>
				<key>key</key>
				<string>Author</string>
				<key>value</key>
				<string>Daudin</string>
				<key>version</key>
				<string>1</string>
			</dict>
		</array>
		<key>conjunction</key>
		<integer>1</integer>
		<key>group name</key>
		<string>Grame</string>
	</dict>
	<dict>
		<key>conditions</key>
		<array>
			<dict>
				<key>comparison</key>
				<integer>2</integer>
				<key>key</key>
				<string>Title</string>
				<key>value</key>
				<string>guido</string>
				<key>version</key>
				<string>1</string>
			</dict>
			<dict>
				<key>comparison</key>
				<integer>2</integer>
				<key>key</key>
				<string>Author</string>
				<key>value</key>
				<string>renz</string>
				<key>version</key>
				<string>1</string>
			</dict>
		</array>
		<key>conjunction</key>
		<integer>1</integer>
		<key>group name</key>
		<string>guido</string>
	</dict>
	<dict>
		<key>conditions</key>
		<array>
			<dict>
				<key>comparison</key>
				<integer>2</integer>
				<key>key</key>
				<string>Title</string>
				<key>value</key>
				<string>XML</string>
				<key>version</key>
				<string>1</string>
			</dict>
		</array>
		<key>conjunction</key>
		<integer>0</integer>
		<key>group name</key>
		<string>XML</string>
	</dict>
</array>
</plist>
}}
